2436 3246
1811 318 1893 363 155

196 410 336 454 subtus
361 410 589 465 villosulae‚
622 427 672 454 ex
689 409 774 454 bafi
794 410 960 469 angusta
986 411 1126 454 versus
1155 415 1316 470 apicem
1344 414 1468 458 valde
1500 416 1766 473 latescentes,
1798 437 1893 465 cum

198 495 328 548 apicis
355 493 480 534 trifidi
500 491 608 533 lobis
638 491 871 533 rotundatis
904 491 946 532 δε
972 489 1139 532 obtufls.
1201 489 1282 532 Hae
1314 490 1470 534 habent
1497 509 1662 552 germen
1693 513 1898 555 parvum,

196 570 346 628 stylum
366 577 503 612 autem
527 569 570 611 &
593 567 733 626 stigma
764 570 824 609 uti
846 570 886 608 in
906 566 1281 626 hermaphroditis,
1313 578 1451 614 tamen
1471 572 1636 616 steriles.
1699 574 1896 619 Corollu·

198 650 254 692 1ae
284 650 386 691 disci
406 651 447 690 in
468 645 598 689 limbo
627 646 900 702 quinquefido
922 661 975 688 ex
992 639 1108 690 fusco
1127 650 1311 704 flavent,
1343 651 1526 696 antheris
1557 654 1601 697 ὅτ
1628 653 1812 713 stigmate
1835 655 1899 699 bi·

200 728 286 770 fido
304 726 507 771 revoluto
533 724 703 765 donatae
724 724 863 767 flavis.

905 878 1207 926 DCLXVIH.

253 996 620 1044 RUDBECKIA
650 995 1146 1042 AMPLEXIFOLIA.

366 1116 525 1160 Crescit
545 1117 597 1159 ad
630 1115 834 1171 Mififfipi,
895 1113 982 1157 Sub
1015 1116 1085 1157 dio
1118 1117 1232 1173 apud
1260 1132 1338 1161 nos
1368 1120 1493 1163 floret
1519 1129 1654 1166 totam
1685 1124 1893 1182 aestatem,

196 1210 333 1240 annua
351 1196 519 1252 planta,
552 1195 595 1236 &
621 1201 712 1235 tota
736 1193 897 1252 glabra.
956 1194 1096 1238 Radix
1116 1198 1298 1250 ramosa,
1330 1199 1492 1244 sordide
1511 1204 1688 1261 pallens,
1749 1205 1897 1250 Caulis

192 1282 324 1326 teres,
356 1273 562 1315 calamum
583 1272 626 1314 &
648 1272 755 1314 ultra
775 1273 954 1325 crassus,
985 1280 1067 1315 tres
1101 1283 1337 1331 quatuorve
1369 1280 1499 1335 pedes
1530 1282 1637 1324 altus
1648 1315 1665 1334 5
1693 1285 1895 1328 ramosus.

192 1353 319 1396 Folia
342 1352 431 1394 sunt
450 1347 922 1407 lanceolam-oblonga,
953 1358 1099 1402 acuta,
1131 1352 1307 1407 serrata,
1336 1358 1684 1413 amplexicaulia‚
1717 1363 1895 1416 alterna,

196 1448 220 1474 a
240 1430 372 1473 tribus
394 1431 448 1472 ad
468 1433 654 1487 quinque
674 1432 817 1471 uncias
837 1429 989 1487 longa,
1022 1429 1176 1474 summa
1195 1434 1304 1490 saepe
1325 1438 1599 1494 integerrima.
1660 1439 1898 1485 Pedunculi

191 1510 454 1562 terminales,
485 1511 676 1561 uniflori,
707 1508 905 1561 striatuli,
950 1510 1073 1562 nudi,
1106 1516 1246 1555 erecti.
1308 1513 1344 1556 F
1348 1515 1458 1559 lores
1488 1519 1676 1572 inodori,
1709 1521 1895 1577 speciofi.

194 1588 367 1646 Calycis
394 1590 538 1632 viridis
568 1587 702 1646 glabri
731 1589 775 1630 &
804 1591 926 1643 parvi
951 1587 1133 1644 squamae
1167 1594 1394 1635 exteriores
1424 1595 1596 1649 patulae.
1659 1596 1893 1644 Corollulae

192 1669 298 1710 radii
316 1667 469 1719 luteae,
501 1674 665 1718 ovatae,
699 1666 858 1710 uni-vel
885 1665 1238 1724 bi-emarginatae,
1269 1674 1584 1727 patentissimae,
1615 1690 1801 1734 magnae,
1835 1677 1892 1720 ob

191 1745 288 1802 styli
309 1746 351 1788 &
372 1745 566 1803 stigmatis
598 1744 807 1787 defectum
836 1745 1006 1789 steriles.
1064 1745 1187 1789 Disci
1210 1753 1345 1792 conici
1369 1752 1411 1794 &
1433 1754 1556 1796 valde
1579 1755 1734 1797 elevati
1756 1758 1896 1799 corol-

192 1825 291 1868 lulae
312 1824 668 1880 hermaphroditae
689 1823 848 1865 fertiles
867 1821 1299 1879 infundibuliformes,
1331 1827 1436 1871 tubo
1465 1832 1612 1884 viridi,
1644 1832 1773 1875 limbo
1796 1847 1891 1876 cum

192 1900 443 1960 genitalibus
470 1909 792 1957 atropurpureo.
852 1898 1022 1942 Semina
1041 1901 1155 1944 fusca
1175 1918 1266 1944 cum
1288 1909 1471 1964 margine
1499 1912 1687 1954 minimo.
1743 1909 1892 1955 Paleae

193 1980 479 2023 fuscescentes.
539 1979 599 2022 Et
613 1980 779 2035 reliqua
798 1980 851 2022 ad
871 1980 1153 2023 characterem
1172 1980 1462 2029 Linnaeanum.

914 2136 1168 2183 DCLXIX.

251 2249 585 2297 COREOPSIS'
615 2250 1209 2299 ARTEMISIAEFOLIA.

308 2368 396 2413 Sub
415 2369 498 2412 hoc
517 2370 642 2411 titulo
662 2369 814 2413 semina
834 2371 1033 2431 elegantis
1060 2374 1181 2430 hujus
1208 2377 1366 2433 plantae
1397 2383 1541 2436 accepi
1559 2395 1573 2434 3
1605 2385 1673 2423 cui
1709 2382 1887 2424 Mexfco

195 2452 333 2506 patria
355 2449 422 2493 est.
482 2447 615 2507 Apud
633 2463 709 2493 nos
730 2451 854 2494 floret
875 2459 1091 2495 autumno.
1150 2452 1218 2496 Ex
1237 2455 1374 2497 radice
1405 2470 1541 2500 annua
1572 2458 1702 2500 caulis
1734 2459 1891 2501 attolli-

985 2530 1024 2572 U
1058 2543 1083 2573 2
1770 2542 1837 2577 tur
