2436 3246
585 312 599 339 1
609 295 663 339 60

579 409 694 449 TAB.
722 422 756 456 7.

571 916 689 956 TAB.
720 921 753 958 8.

556 1778 671 1817 TAB.
698 1791 734 1826 9.

553 2064 670 2100 TAB.
699 2075 754 2101 10.

553 2136 667 2174 TAB.
701 2149 755 2175 ιι.

808 410 886 458 Eg.
913 421 943 445 1.
1003 409 1110 458 Spica
1128 413 1310 448 varietatis
1331 414 1487 449 Gladioli
1516 408 1708 461 longiflori.
1760 415 1840 462 Fig.
1870 428 1904 454 2.
1942 415 2115 450 Ramulus
2137 414 2286 450 Jufiiciae

801 483 1094 529 periploiaefoliae
1117 495 1197 518 cum
1219 484 1381 520 Stamiue
1401 496 1517 523 aucto.
1570 487 1648 534 Eg.
1669 499 1706 534 3.
1735 487 1895 522 Aucubae
1923 489 2103 534 Japonicae
2131 487 2196 521 flos
2225 487 2288 521 fae-

797 557 937 590 mineus
961 556 994 589 in
1017 556 1262 603 magnitudine
1286 559 1447 604 naturali,
1477 560 1646 607 idemque
1674 568 1793 595 auctus
1813 573 1833 594 a
1854 561 1943 595 facie
1965 561 1999 594 &
2016 572 2035 594 a
2059 567 2160 606 tergo
2184 558 2286 593 visus.

802 630 902 674 Quas
926 629 982 665 hic
1004 629 1219 676 possidemus
1237 627 1454 672 arbufculas,
1484 630 1648 677 copiosos
1674 630 1862 665 faemineos
1885 631 2010 674 flores,
2039 631 2174 664 nullum
2196 642 2285 665 vero

794 713 932 736 marem
955 701 1169 747 producunt.
1219 700 1409 734 Feminam
1437 703 1494 737 hic
1516 702 1684 745 exhibui,
1711 704 1794 749 quia
1821 703 1916 737 nulla
1949 703 2060 737 exiliit
2086 703 2180 737 bona
2203 714 2283 737 auc-

793 784 840 809 tae
866 774 988 820 figura.
1039 773 1118 819 fig.
1149 782 1184 814 4,
1220 772 1368 806 Fructus
1404 784 1513 807 novae
1542 773 1671 819 speciei
1699 755 1896 806 Helicteris.
1949 772 2074 808 Plures
2113 786 2157 808 ex.
2185 774 2285 809 India

793 845 957 880 orientali
980 843 1163 878 transmissi
1186 844 1327 879 suerunt
1348 857 1358 884 3
1388 844 1445 880 sed
1467 843 1598 878 semina
1623 845 1717 878 nulla
1736 846 1990 891 germinarunt.

808 915 847 950 In
870 914 936 948 hac
957 914 1076 948 tabula
1097 914 1242 962 depingi
1262 917 1383 949 curavi
1409 915 1529 950 Boleti
1552 927 1687 950 novam
1706 916 1796 949 {crte
1821 915 1993 961 speciem,
2022 917 2140 961 primo
2169 916 2282 963 qualis

789 986 957 1029 nascitur,
985 986 1068 1021 dein
1092 989 1212 1034 prouti
1233 988 1437 1022 adolescens
1457 988 1613 1033 expandi
1639 989 1782 1033 incipit,
1821 988 1966 1021 tandem
1990 989 2022 1021 in
2049 996 2153 1022 astate
2184 989 2282 1022 adul-

786 1068 833 1096 ta.
888 1059 945 1093 Exi
969 1060 1109 1094 celeber
1133 1060 1190 1094 ille
1218 1059 1384 1102 Boletns,
1417 1063 1511 1103 cnjus
1534 1060 1757 1093 mentionem
1778 1058 1862 1092 facit
1880 1058 2070 1094 Michelius
2089 1060 2147 1094 sub
2176 1062 2277 1095 titulo

793 1133 920 1167 Pietra
944 1131 1121 1177 Emgaja.
1173 1129 1283 1165 Filius
1312 1143 1412 1165 meus
1445 1144 1489 1165 ex
1522 1143 1634 1178 regno
1667 1130 1912 1177 Neapolitano
1943 1131 2056 1166 redux
2091 1133 2277 1166 matricem

791 1203 895 1247 hujus
908 1204 1009 1250 fungi
1031 1202 1212 1238 Viennam
1240 1202 1370 1244 attulit,
1400 1201 1452 1235 bis
1475 1210 1580 1248 caput
1599 1202 1795 1238 humanum
1816 1202 2053 1249 superantem.
2107 1203 2193 1239 Erat
2213 1204 2279 1239 hu-

785 1278 866 1310 mus
886 1280 1073 1320 compacta
1097 1275 1132 1307 &
1151 1272 1332 1307 cohaerens
1346 1299 1356 1315 ,
1385 1274 1475 1307 levis
1496 1281 1640 1316 tamen,
1669 1282 1744 1308 tora
1768 1283 1901 1321 quanta
1922 1274 2084 1321 percursa
2113 1287 2134 1309 a
2162 1284 2278 1310 mate·

783 1349 834 1382 rie
851 1347 969 1381 albida
988 1346 1194 1394 fungiformi
1209 1371 1219 1388 ,
1249 1347 1359 1380 cultro
1380 1346 1482 1380 facile
1501 1344 1608 1381 scindi
1630 1354 1783 1393 potens,
1812 1345 1877 1381 nec
1903 1349 1978 1382 ullo
2007 1347 2128 1394 lapide
2160 1348 2277 1381 immi·

782 1423 832 1457 no
853 1429 1010 1457 onerata.
1063 1421 1206 1467 Hyeme
1237 1421 1273 1453 in
1299 1418 1475 1464 tepidario
1508 1419 1645 1459 locata,
1677 1420 1845 1464 proximo
1872 1431 1958 1454 vere
1995 1419 2155 1479 atdspersa
2181 1433 2276 1467 aqua

782 1493 973 1539 aliquoties
996 1494 1144 1526 irrorata
1177 1492 1349 1538 produxit
1377 1489 1554 1537 plusculos
1576 1489 1705 1535 fungos
1727 1514 1737 1530 ,
1766 1489 1937 1533 eosdem,
1976 1503 2066 1536 quos
2101 1493 2134 1525 in
2164 1504 2276 1539 regno

777 1563 1025 1610 Neapolitano
1055 1564 1151 1598 solet.
1212 1565 1341 1600 Volva
1377 1573 1511 1600 carent.
1568 1564 1692 1599 Pileus
1723 1562 1872 1610 superne
1911 1562 2049 1597 sordide
2082 1563 2275 1599 flavescens

780 1637 1003 1683 epidermidc
1028 1637 1165 1684 gaudes
1188 1635 1245 1670 liic
1276 1637 1344 1669 illic
1365 1634 1553 1683 sqamatim
1576 1635 1762 1671 secedente
1779 1663 1789 1679 ,
1816 1640 1865 1672 uti
1892 1638 1930 1672 fit
1961 1637 2030 1672 hoc
2058 1639 2092 1671 in
2113 1638 2274 1684 pluribus

776 1710 904 1758 fungis.
959 1712 1052 1747 Caro
1075 1712 1156 1746 alba
1181 1712 1215 1745 ὅτ
1236 1719 1359 1745 tenera
1383 1708 1438 1746 est.
1492 1706 1624 1742 Subtus
1640 1709 1738 1754 poris
1761 1707 1868 1743 dense
1893 1710 2127 1755 pertunditur.

786 1781 864 1827 Fc'g.
894 1796 924 1816 ι.
978 1781 1082 1816 Prior
1108 1782 1258 1828 fungus,
1297 1780 1413 1815 subtus
1441 1779 1667 1827 conspectus,
1696 1791 1775 1814 cum
1806 1781 1960 1814 matricis
1983 1780 2142 1827 frustulm
2193 1779 2272 1828 Eg,

777 1863 809 1889 2.
835 1850 978 1886 Folium
999 1851 1133 1898 Populi
1157 1852 1390 1887 balsamiferae
1409 1852 1444 1885 in
1462 1858 1564 1898 parte
1586 1849 1708 1896 supina
1723 1875 1733 1892 ‚
1763 1862 1843 1895 quae
1876 1850 2054 1884 obsidetur
2076 1852 2269 1886 innumeris

775 1922 1001 1968 Lycoperdis
1030 1922 1264 1958 minutillimis
1301 1923 1336 1957 δε
1366 1923 1585 1969 paraliticis,
1621 1921 1712 1955 folia
1749 1919 2066 1968 peffumdantibus.
2119 1923 2199 1971 Fig.
2226 1936 2268 1970 3,

774 1993 861 2027 Pars
883 1992 985 2035 hujus
1013 1993 1089 2027 solii
1110 1995 1155 2028 ad
1178 1995 1312 2029 lentem
1337 2002 1449 2030 aucta.

783 2065 866 2111 Eg.
891 2078 920 2103 1.
973 2066 1136 2101 Amellus
1157 2067 1353 2113 Lychnitis.
1405 2069 1484 2115 Eg.
1509 2081 1541 2104 2.
1573 2068 1653 2104 Cisti
1675 2068 1960 2103 lavandulaefolii
1991 2070 2160 2108 ramulus.

780 2137 859 2183 Eg.
890 2153 919 2175 ι,
971 2137 1182 2185 Euphorbia
1208 2139 1298 2174 hirta
1319 2140 1472 2175 Linnaei.
1524 2141 1622 2176 Tota
1640 2142 1776 2188 planta.
1792 2144 1800 2149 '
1829 2142 1927 2176 Ante
1941 2143 2067 2189 viginti
2089 2155 2200 2178 annos
2220 2156 2265 2179 ex

772 2208 962 2244 seminibus
988 2209 1097 2243 Indiae
1117 2211 1298 2245 orientalis
1325 2212 1443 2257 plures
1463 2214 1635 2259 plantulae
1656 2222 1772 2248 enatae
1798 2213 1896 2257 sunt,
1926 2226 2007 2260 quae
2034 2226 2100 2261 per
2122 2216 2264 2261 pluscu-

771 2283 827 2316 los
847 2294 959 2316 annos
981 2281 1105 2329 sponte
1127 2284 1161 2316 in
1181 2284 1260 2317 ollis
1289 2283 1357 2318 sese
1389 2296 1651 2334 propagarunt,
1680 2301 1829 2335 quarum
1861 2288 1994 2323 semina
2025 2288 2107 2322 dein
2128 2289 2259 2334 germi-

770 2364 855 2387 nare
884 2351 1061 2389 ceffarunt.
1117 2353 1287 2402 Figuram
1314 2355 1406 2391 hanc
1436 2358 1482 2393 ad
1513 2360 1640 2393 vivum
1672 2361 1823 2407 exprimi
1860 2361 2007 2399 curavi3
2035 2358 2094 2393 sed
2119 2360 2262 2406 neglexi

768 2423 898 2459 florem
915 2426 1208 2474 microscopicum
1237 2429 1271 2463 &
1300 2436 1413 2466 totam
1437 2427 1720 2478 descriptionem.
1773 2431 1974 2479 Propterea
1997 2429 2087 2465 hanc
2109 2430 2259 2477 figuram

1974 2505 2203 2551 quantumvis
