2436 3246
577 330 658 380 118

572 447 714 489 rimus.
775 441 901 486 Rami
921 450 1097 496 teretes,
1130 443 1431 500 apetiolorum
1460 441 1644 486 articulis
1669 436 1975 498 perfistentibus
2008 437 2289 496 tuberculati,

573 539 651 569 nec
676 521 838 581 spinosi.
900 519 1029 563 Folia
1052 521 1273 579 opposita,
1308 530 1460 577 ovata,
1491 526 1533 566 in
1555 537 1730 566 acumen
1753 520 1944 564 obtusum
1970 523 2201 580 producta,
2233 526 2292 565 in·

574 607 796 663 tegerrima
811 637 823 656 ‚
856 602 1011 655 nitida,
1042 602 1146 645 duas
1167 603 1262 660 plus
1284 606 1418 645 minus
1453 606 1593 646 uncias
1621 603 1750 663 longa
1777 619 1870 647 cum
1896 604 2062 661 petiolo
2099 604 2153 646 ad
2181 601 2294 647 barm

574 683 759 728 breviter
791 684 1028 728 articulato.
1089 681 1326 726 Pedunculi
1355 683 1550 726 axillares
1569 717 1583 736 ,
1625 697 1925 741 nonnunquam
1967 682 2292 741 suprafoliacei,

576 765 693 808 foliis
718 763 959 816 breviores,
992 763 1153 821 patuli,
1184 762 1335 820 saepius
1362 764 1488 806 trifidi
1519 764 1562 806 &
1594 765 1757 806 triflori.
1818 761 2014 806 Bracteae
2047 763 2100 806 ad
2135 764 2295 820 pedun-

576 845 660 887 culi
694 849 926 887 communis
960 845 1203 890 divisionem
1238 844 1282 886 &
1321 847 1364 886 in
1395 842 1489 900 ipsis
1525 843 1743 899 pedicellis
1774 845 1982 902 oppositae
2009 878 2021 897 ,
2063 842 2296 897 subulatae,

577 939 737 982 parvae.
801 921 993 965 Corollae
1018 921 1143 965 tubus
1166 938 1217 964 ex
1246 921 1471 979 sulphureo
1495 922 1632 978 albet,
1664 922 1796 967 limbo
1823 924 1924 967 albo
1960 924 2088 982 triplo
2111 924 2294 983 longior.

575 1003 614 1048 F
617 1004 815 1047 ilamenta
834 1020 1059 1062 purpurea.
1121 1002 1180 1046 Et
1202 1002 1286 1045 alia
1309 1007 1487 1061 generis.

1291 1158 1596 1206 DCXXXIII.

577 1318 1009 1365 VOLKAMERIA
1038 1317 1439 1364 LIGUSTRINA.
1512 1321 1614 1366 Tab.
1637 1322 1772 1381 5.fig.
1799 1338 1834 1367 1.

578 1401 862 1446 Volkameria
892 1405 1073 1444 inermis.
1134 1400 1226 1444 Ait.
1247 1400 1351 1444 kew.
1382 1401 1463 1445 vol.
1493 1415 1530 1446 2.
1542 1416 1649 1461 pag.
1672 1403 1773 1460 364.
1799 1419 1915 1448 num.
1942 1417 1979 1449 2.
2001 1412 2034 1453 β.

753 1558 911 1603 Crescit
931 1563 973 1602 in
994 1560 1125 1603 insula
1148 1560 1358 1603 Mauritii.
1419 1560 1469 1603 In
1494 1561 1687 1604 caldariis
1710 1563 1856 1607 nostris
1876 1566 2002 1608 floret
2019 1561 2150 1616 JuliO,
2180 1562 2291 1606 fruc-

579 1642 697 1686 tescit
719 1640 972 1686 Novembri.
1034 1638 1230 1683 Truncus
1250 1638 1476 1695 arboreus,
1508 1656 1681 1698 carpum
1707 1641 1886 1694 crassus,
1921 1644 2133 1694 cinereus,
2163 1648 2300 1692 teres,

582 1731 770 1775 erectus,
803 1722 1136 1780 decempedalis,
1167 1721 1341 1779 superne
1377 1725 1419 1763 in
1442 1735 1583 1763 ramos
1604 1721 1759 1780 longos
1788 1721 1832 1764 &
1861 1720 2094 1765 subdivisos
2125 1727 2300 1776 patens,

582 1820 608 1848 a
639 1803 897 1862 petiolorum
928 1803 1114 1845 articulis
1151 1801 1433 1860 superstitibus
1469 1784 1762 1844 tuberculatos
1804 1802 1975 1858 quidem
1997 1834 2011 1854 ,
2051 1808 2095 1842 at
2123 1803 2296 1849 *minime

581 1882 785 1940 spinosos.
846 1881 974 1924 Folia
1005 1883 1147 1924 omnia
1180 1881 1409 1939 opposita,
1454 1882 1573 1925 nulla
1609 1889 1751 1934 terna,
1790 1879 2057 1931 lanceolata,
2102 1881 2301 1935 utrinque

584 1971 736 2017 acuta,
767 1964 1056 2021 integerrima,
1089 1962 1144 2004 ad
1166 1976 1262 2004 oras
1286 1962 1330 2005 &
1349 1976 1523 2007 nervum
1547 1962 1729 2004 medium
1762 1976 1837 2018 per
1867 1961 2022 2003 lentem
2052 1958 2190 2001 obiter
2219 1959 2298 2004 vil-

582 2043 747 2095 losula,
780 2050 979 2085 caeterum
1000 2042 1275 2101 glaberrima,
1308 2043 1412 2085 duas
1439 2050 1577 2088 tresve
1599 2045 1742 2085 uncias
1771 2041 1899 2100 longa
1919 2056 2011 2083 cum
2034 2039 2201 2097 petiolo
2225 2038 2303 2083 vil-

583 2125 723 2168 losulo
755 2125 799 2168 &
831 2123 1015 2169 breviter
1041 2125 1094 2166 ad
1129 2122 1243 2166 basin
1274 2122 1512 2165 articulato.
1571 2119 1808 2164 Pedunculi
1841 2120 2061 2174 axillares,
2102 2120 2301 2172 solitarii,

584 2213 764 2258 teretes,
796 2204 1005 2257 villosuli‚
1037 2205 1238 2264 graciles,
1274 2203 1390 2245 foliis
1422 2201 1662 2254 breviores,
1696 2209 1778 2243 tres
1803 2209 2042 2258 quatuorve
2071 2201 2199 2242 flores
2228 2215 2303 2256 pe-

587 2285 811 2327 dicellatos
835 2269 1093 2336 sustinentes,
1123 2283 1234 2340 saepe
1259 2281 1322 2325 bis
1348 2281 1585 2326 dichotomi
1618 2282 1661 2324 &
1690 2282 1741 2324 fic
1764 2281 2034 2339 septemflori.
2094 2278 2300 2322 Bracteo-

587 2365 643 2407 1ae
666 2364 719 2406 ad
746 2363 980 2420 pedicellos
1013 2363 1312 2414 miniitiffimae,
1344 2361 1521 2405 villosae.
1585 2359 1758 2419 Calycis
1791 2361 1927 2406 villosi
1960 2361 2124 2403 laciniae
2158 2359 2306 2401 semio-

587 2451 731 2496 vatae‚
762 2449 923 2493 acutae,
956 2441 1000 2483 ὅτ
1025 2440 1194 2483 ciliatae.
1257 2437 1446 2482 Corolla‘
1466 2454 1560 2482 cum
1593 2439 1738 2497 aliqua
1767 2440 1979 2483 flavedine
2009 2437 2130 2488 alba,
2164 2434 2298 2478 limbo

587 2522 694 2568 tubo
720 2522 834 2566 haud
858 2521 1035 2565 multum
1066 2521 1299 2578 superante.
1359 2519 1396 2563 F
1401 2519 1600 2564 ilamenta
1631 2519 1740 2564 alba.
1803 2519 1984 2563 Fructus
2010 2515 2294 2575 magnitudine

2085 2597 2247 2647 ciceris,
