2436 3246
527 316 581 358 72

1233 418 1537 466 DLXXXVI.

586 574 1041 622 ERIOSPERMUM
1074 576 1641 622 LANCEAEFOLIUM.

705 734 864 780 Crescit
885 738 939 780 ad
962 734 1311 780 Promontorium
1337 735 1464 778 bonae
1485 735 1588 794 Spei
1608 752 1623 791 3
1656 736 1770 794 apud
1788 749 1866 778 nos
1893 736 2048 778 florens
2081 750 2106 777 a
2139 733 2244 793 Sep«

530 814 682 870 tembri
704 816 757 858 ad
779 814 1084 869 Novembrim,
1119 818 1163 859 &
1192 816 1313 861 brevi
1342 816 1525 859 fructum
1552 817 1785 874 perficiens.
1847 813 1982 859 Novo
2019 815 2116 857 huic
2145 814 2247 857 mihi

526 895 616 938 viso
638 899 780 953 generi
810 909 968 939 novum
994 909 1148 937 nomen
1170 895 1343 937 daturus
1364 928 1377 947 ,
1412 912 1434 938 a
1458 894 1678 938 seminibus
1700 895 1873 945 lanatis,
1906 907 2060 934 nomen
2083 893 2245 936 deriva=

528 977 585 1017 vi.
647 972 787 1015 Radix
809 972 863 1015 est
887 972 1007 1015 tuber
1033 973 1273 1026 carnosum,
1318 974 1412 1030 plus
1435 979 1568 1018 minus
1597 978 1727 1033 pugni
1755 973 2065 1032 magnitudine,
2106 971 2247 1014 subro-

526 1053 701 1097 tundum
725 1057 856 1113 magis
879 1058 1094 1106 minusve,
1126 1055 1361 1110 inaequale,
1395 1053 1498 1095 foris
1529 1054 1686 1109 pallide
1721 1053 1949 1095 fuscescens
1981 1066 2074 1093 cum
2105 1066 2245 1108 pauco

528 1133 640 1190 saepe
671 1133 822 1174 suffuso
855 1131 1033 1185 rubore,
1066 1136 1175 1174 intus
1208 1132 1457 1185 rubescens,
1488 1131 1614 1174 fibras
1644 1132 1792 1190 longas
1824 1133 2009 1189 undique
2040 1136 2247 1174 emittens.

526 1213 699 1256 Folium
718 1213 902 1255 radicale
924 1227 1049 1255 unum
1071 1213 1241 1258 aliudve
1264 1228 1314 1254 ex
1339 1214 1488 1255 eodem
1515 1211 1688 1260 tubere,
1719 1212 1789 1253 sed
1819 1213 1872 1254 ad
1900 1211 2134 1269 quemlibet
2162 1212 2247 1254 sca-

526 1309 628 1352 pum
649 1295 854 1336 duntaxat
877 1298 1067 1346 unicum,
1099 1293 1226 1350 scapo
1248 1292 1379 1350 paulo
1402 1293 1528 1337 serius
1549 1293 1766 1350 prodiens,
1798 1293 1923 1351 longe
1946 1294 2249 1346 lanceolatum‚

531 1376 866 1433 integerrimum,
899 1381 1070 1416 acutum
1093 1373 1164 1418 vel
1190 1371 1406 1425 obtusum,
1439 1376 1699 1424 coriaceum,
1740 1373 2075 1427 multinervium,
2114 1373 2251 1415 firmu-

530 1455 640 1507 Ium,
673 1461 879 1506 erectum,
912 1451 994 1494 bafi
1018 1455 1245 1495 connivens
1271 1486 1283 1505 ,
1305 1453 1401 1510 plus
1429 1455 1563 1495 minus
1595 1452 1873 1509 semipedale,
1906 1467 2029 1494 unam
2060 1452 2252 1494 alteram-

529 1549 583 1581 ve
603 1534 767 1574 unciam
786 1531 946 1585 latum,
978 1530 1190 1573 suffultum
1222 1532 1388 1588 petiolo
1422 1533 1730 1590 compreffulo,
1759 1531 1912 1585 rubro,
1944 1531 2145 1589 pollicari
2180 1538 2253 1573 aut

531 1616 654 1657 ultra.
717 1612 881 1669 Scapus
903 1620 1035 1663 teres,
1066 1612 1257 1670 gracilis,
1290 1621 1481 1665 erectus,
1513 1613 1678 1669 pedalis
1709 1612 1779 1656 vel
1813 1612 1969 1663 altior,
1999 1609 2084 1653 basi
2119 1611 2250 1653 inclu-

531 1695 596 1736 sus
611 1695 776 1751 vaginae
800 1691 954 1733 unciali
977 1691 1019 1732 &
1044 1689 1194 1732 striatae
1219 1689 1316 1732 folii
1336 1695 1459 1747 parvi
1483 1694 1663 1735 concavi
1682 1694 1796 1733 acuti
1821 1691 1863 1732 ἃ
1891 1694 2090 1748 patentis,
2104 1690 2252 1733 abiens

528 1777 572 1817 in
595 1787 805 1815 racemum
827 1779 1011 1813 erectum
1041 1770 1136 1827 plus
1167 1785 1294 1827 quam
1323 1770 1631 1830 semipedalem.
1692 1768 1898 1812 Pedicelli
1931 1771 2125 1821 uniflori,
2155 1785 2248 1828 gra—

533 1854 655 1906 ciles,
689 1852 874 1895 unciales
913 1851 984 1895 vel
1013 1851 1142 1908 triplo
1179 1849 1422 1902 breviores,
1455 1850 1613 1907 patuli,
1643 1851 1861 1892 numerofi.
1921 1849 2117 1894 Bracteae
2150 1865 2251 1895 ova-

534 1941 614 1986 tae,
646 1939 810 1983 acutae,
841 1944 1069 1982 concavae,
1100 1929 1298 1986 pallidae,
1340 1932 1535 1982 minutae,
1580 1929 1632 1970 ad
1663 1928 1929 1984 pedunculos
1961 1928 2251 1975 subaxillares.

536 2010 689 2055 Petala
709 2026 760 2052 ex
793 2012 908 2054 flavo
937 2009 1080 2052 albida
1105 2025 1198 2052 cum
1222 2010 1350 2052 fascia
1376 2010 1671 2069 longitudinali
1690 2011 1829 2052 media
1853 2013 2049 2067 utrinque
2073 2025 2125 2051 ex
2155 2025 2253 2066 pur-

538 2103 673 2146 pureo
713 2092 887 2133 virente.
969 2089 1209 2131 Filamenta
1239 2087 1394 2131 albent.
1466 2086 1670 2131 Antherae
1716 2089 1887 2132 flavent.
1958 2086 2076 2131 Tota
2105 2087 2254 2145 planta

539 2168 686 2229 glabra
705 2168 772 2210 est.

543 2325 665 2371 CAL.
698 2327 850 2371 nullus.

543 2405 665 2450 COR.
697 2404 850 2449 Petala
875 2405 966 2459 sex,
999 2403 1321 2450 conniventibus
1350 2407 1392 2449 &
1415 2406 1685 2451 subcarinatis
1709 2402 1899 2464 apicibus
1928 2405 2086 2463 patula.
2149 2401 2255 2448 Tria

662 2490 871 2530 exteriora
893 2495 1045 2542 ovata,
1078 2497 1226 2544 acuta,
1258 2491 1546 2547 integerrima,
1578 2487 1898 2546 patentiuscula.
1959 2483 2067 2530 Tria
2083 2488 2254 2529 interio-

2147 2579 2190 2606 ra.
