2436 3246
551 293 632 335 124

547 406 607 446 tia
623 418 638 458 3
670 416 850 460 quorum
873 402 961 445 duo
992 402 1212 459 superiora
1245 402 1380 445 multo
1413 404 1569 448 latiora
1598 405 1807 463 lineisque
1835 405 2005 449 ramofis
2036 406 2272 466 sanguineis

547 484 755 541 inscripta.
818 482 1058 526 Filamenta
1092 484 1260 537 decem,
1303 482 1386 526 bafi
1422 486 1604 539 coalita,
1637 486 1796 543 septem
1830 483 2001 527 fertilia.
2061 484 2268 530 Antherae

545 565 795 623 sanguineae.
856 561 1020 622 Stigma
1039 564 1382 621 quinquefidum,
1416 564 1537 622 supra
1556 563 1774 617 villosum,
1806 564 2088 625 sanguineum.
2138 564 2267 609 Fruc-

549 652 614 688 tus
635 644 826 690 hirsutus.
888 642 1103 687 Seminum
1125 643 1245 697 arista
1265 644 1479 702 plumosa,
1511 643 1790 686 sescuncialis.

1246 799 1558 846 DCXXXIX.

596 957 1075 1005 PELARGONIUM
1103 957 1492 1004 BULLATUM:

667 1119 831 1164 Crescit
854 1122 907 1164 ad
938 1118 1286 1163 Promontorium
1310 1118 1438 1162 bonae
1470 1118 1611 1177 Spei3
1644 1120 1758 1177 apud
1797 1134 1876 1164 nos
1906 1122 2062 1164 florens
2097 1123 2268 1178 aestate3

536 1202 700 1246 'bienne
728 1203 798 1247 vel
819 1204 980 1244 trienne
1001 1215 1015 1254 3
1047 1202 1188 1242 tritum
1211 1199 1356 1241 odoris
1390 1201 1554 1257 ingrati.
1614 1198 1755 1242 Radix
1785 1202 1963 1246 ramosa.
2028 1200 2174 1245 Caulis
2208 1211 2266 1244 te·

540 1299 628 1336 res,
662 1282 869 1326 calamum
903 1279 1081 1332 crassus,
1102 1277 1273 1350 rfusch,
1306 1281 1503 1334 uncialis,
1537 1294 1636 1323 mox
1666 1283 1708 1323 in
1743 1295 1884 1324 ramos
1914 1281 2056 1338 plures
2093 1297 2169 1323 ceu
2202 1289 2265 1323 to-

542 1362 672 1404 tidem
697 1361 839 1403 caules
863 1359 1040 1411 dlvisus,
1071 1356 1399 1416 procumbentes
1422 1394 1436 1412 ‚
1478 1367 1658 1413 teretes,
1700 1360 1961 1414 ramosulos,
1992 1359 2228 1404 herbaceos
2252 1395 2265 1414 ,

544 1440 887 1499 sesquipedales,
918 1440 975 1481 ad
994 1439 1151 1482 lentem
1173 1438 1399 1480 densissime
1426 1439 1469 1481 ὅτ
1496 1438 1733 1484 brevissime
1765 1441 1965 1495 villoso-s,
1998 1457 2075 1485 nec
2104 1443 2266 1500 pilosos

540 1530 613 1564 aut
643 1521 835 1564 hirsutos.
893 1520 1027 1563 -Folia
1062 1519 1264 1562 inferiora
1298 1518 1489 1571 alterna,
1535 1519 1702 1576 reliqua
1752 1520 1947 1578 opposita
1970 1555 1983 1574 ,
2025 1521 2266 1578 petiolata,

542 1604 737 1658 utrinque
758 1600 813 1642 ad
835 1600 988 1642 lentem
1025 1598 1241 1657 hispidula
1255 1633 1268 1652 ,
1310 1598 1494 1643 breviter
1520 1600 1687 1652 einata,
1718 1601 1840 1659 supra
1870 1602 2053 1644 saturate
2081 1604 2264 1644 virentia

543 1696 637 1723 cum
666 1679 779 1723 disco
808 1694 1112 1738 nonnunquam
1146 1680 1421 1731 fuscescente,
1453 1677 1595 1722 subtus
1625 1666 1828 1738 pallidius
1859 1682 2011 1726 viridia
2030 1716 2043 1734 ,
2088 1685 2262 1724 circum-

544 1762 770 1817 scriptione
805 1759 994 1820 oblonga
1017 1795 1029 1814 ,
1069 1761 1253 1814 obtusa,
1294 1759 1598 1803 inciso-serrata
1617 1774 1632 1812 3
1673 1760 1816 1801 infima
1852 1761 2046 1816 quaedam
2075 1764 2237 1819 integra
2249 1777 2262 1813 3

540 1838 745 1897 subsequa
766 1848 927 1883 ternata
948 1856 963 1894 3
994 1840 1158 1883 foliolis
1182 1838 1430 1883 lateralibus
1452 1841 1581 1896 magis
1611 1839 1801 1881 minusve
1827 1836 2092 1880 subrotundis
2127 1840 2171 1880 &
2200 1839 2261 1880 lo-

542 1918 651 1962 batis
674 1935 688 1974 3
719 1919 876 1963 foliolo
898 1923 1039 1964 medio
1074 1918 1399 1979 subpinnatifido
1422 1933 1437 1972 3
1475 1917 1583 1960 solia
1613 1917 1827 1974 superiora
1857 1918 2102 1974 pinnatifida
2125 1933 2139 1971 3
2170 1917 2258 1960 sere

543 2003 686 2042 omnia
727 2003 769 2041 in
797 2007 891 2043 toto
921 1998 1081 2043 ambitu
1112 2000 1163 2043 s1c
1196 1998 1418 2051 revoluta,
1460 2005 1506 2040 ut
1539 2010 1734 2041 convexa
1762 1996 1833 2040 vel
1864 1994 2028 2039 bullata
2061 1998 2258 2041 evadant.

540 2079 722 2137 Stipulae
757 2087 924 2141 oyatae,
958 2087 1118 2131 acutae,
1150 2079 1287 2137 longis
1307 2081 1499 2134 rarisque
1523 2076 1619 2133 pilis
1651 2075 1819 2118 ciliatae.
1881 2072 2118 2118 Pedunculi
2147 2092 2259 2119 com-

541 2174 687 2202 munes
710 2158 932 2210 axillares,
964 2160 1090 2215 pauci
1123 2156 1426 2214 oppofitifolii,
1469 2164 1644 2210 teretes,
1683 2157 1894 2210 villosuli,
1935 2155 2101 2210 biflori,
2142 2156 2259 2199 foliis

540 2239 768 2297 longiores.
828 2235 1044 2281 Involucri
1063 2235 1220 2279 foliola
1240 2237 1391 2295 saepius
1415 2244 1625 2292 quatuor,
1656 2236 1925 2289 lanceolata,
1967 2242 2119 2288 acuta,
2160 2238 2256 2279 viri-

543 2318 635 2372 dia,
669 2317 723 2360 ad
741 2316 895 2358 lentem
915 2316 1133 2369 villosula,
1175 2316 1324 2374 patula
1355 2316 1426 2360 vel
1458 2318 1628 2358 reflexa.
1691 2313 1898 2358 Pedicelli
1929 2317 2001 2359 vix
2032 2315 2257 2358 semuncia-

540 2397 624 2449 les,
657 2395 746 2438 fere
775 2397 827 2438 ad
859 2394 972 2439 basm
1007 2412 1142 2454 usque
1178 2397 1430 2449 cuniculati3
1483 2395 1627 2439 hirtuli
1645 2430 1657 2450 ,
1698 2397 1864 2440 sordide
1894 2395 2254 2454 purpurascentes.

542 2474 714 2533 Calycis
735 2473 1004 2532 pentaphylli
1023 2473 1174 2516 foliola
1195 2475 1457 2529 lanceolata,
1490 2479 1749 2531 acuminata,
1783 2477 1944 2532 striata,
1976 2475 2147 2526 villosa,
2179 2489 2254 2531 pa-

2041 2593 2051 2600 ,
2080 2552 2196 2605 tula3
