<?xml version="1.0" encoding="UTF-8"?>
<!DOCTYPE html PUBLIC "-//W3C//DTD XHTML 1.0 Transitional//EN"
    "http://www.w3.org/TR/xhtml1/DTD/xhtml1-transitional.dtd">
<html xmlns="http://www.w3.org/1999/xhtml" xml:lang="en" lang="en">
 <head>
  <title>
</title>
<meta http-equiv="Content-Type" content="text/html;charset=utf-8" />
  <meta name='ocr-system' content='tesseract 3.04.00' />
  <meta name='ocr-capabilities' content='ocr_page ocr_carea ocr_par ocr_line ocrx_word'/>
</head>
<body>
  <div class='ocr_page' id='page_1' title='image "./nicolaijosephija00jacq_0116.png"; bbox 0 0 2436 3246; ppageno 0'>
   <div class='ocr_carea' id='block_1_1' title="bbox 524 305 1708 596">
    <p class='ocr_par' dir='ltr' id='par_1_1' title="bbox 524 305 1708 596">
     <span class='ocr_line' id='line_1_1' title="bbox 524 305 604 352; baseline -0.038 -7"><span class='ocrx_word' id='word_1_1' title='bbox 524 305 604 352; x_wconf 82' lang='lat'>-108</span> 
     </span>
     <span class='ocr_line' id='line_1_2' title="bbox 1262 416 1464 463; baseline -0.005 0"><span class='ocrx_word' id='word_1_2' title='bbox 1262 416 1464 463; x_wconf 90' lang='lat' dir='ltr'>DCXXI</span> 
     </span>
     <span class='ocr_line' id='line_1_3' title="bbox 574 535 1708 596; baseline -0.003 -13"><span class='ocrx_word' id='word_1_3' title='bbox 574 536 906 583; x_wconf 82' lang='lat' dir='ltr'>MIMUSOPS</span> <span class='ocrx_word' id='word_1_4' title='bbox 937 535 1297 581; x_wconf 84' lang='lat' dir='ltr'><strong>RACEMOSA.</strong></span> <span class='ocrx_word' id='word_1_5' title='bbox 1370 537 1473 581; x_wconf 79' lang='lat' dir='ltr'>Tab.</span> <span class='ocrx_word' id='word_1_6' title='bbox 1497 551 1541 596; x_wconf 84' lang='lat'>3.</span> <span class='ocrx_word' id='word_1_7' title='bbox 1556 536 1644 595; x_wconf 77' lang='lat' dir='ltr'>fig.</span> <span class='ocrx_word' id='word_1_8' title='bbox 1675 552 1708 580; x_wconf 90' lang='lat'>1.</span> 
     </span>
    </p>
   </div>
   <div class='ocr_carea' id='block_1_2' title="bbox 511 656 2319 1825">
    <p class='ocr_par' dir='ltr' id='par_1_2' title="bbox 511 656 2319 1825">
     <span class='ocr_line' id='line_1_4' title="bbox 691 656 2240 715; baseline 0.001 -15"><span class='ocrx_word' id='word_1_9' title='bbox 691 657 807 700; x_wconf 83' lang='lat' dir='ltr'><strong>Ante</strong></span> <span class='ocrx_word' id='word_1_10' title='bbox 836 657 956 700; x_wconf 82' lang='lat' dir='ltr'>senos</span> <span class='ocrx_word' id='word_1_11' title='bbox 995 671 1127 699; x_wconf 90' lang='lat' dir='ltr'>annos</span> <span class='ocrx_word' id='word_1_12' title='bbox 1159 672 1211 698; x_wconf 84' lang='lat' dir='ltr'>ex</span> <span class='ocrx_word' id='word_1_13' title='bbox 1249 656 1380 700; x_wconf 82' lang='lat' dir='ltr'>insula</span> <span class='ocrx_word' id='word_1_14' title='bbox 1419 657 1618 701; x_wconf 85' lang='lat' dir='ltr'>Mauritii</span> <span class='ocrx_word' id='word_1_15' title='bbox 1647 657 1810 715; x_wconf 79' lang='lat' dir='ltr'>absque</span> <span class='ocrx_word' id='word_1_16' title='bbox 1841 662 2013 700; x_wconf 84' lang='lat' dir='ltr'>nomine</span> <span class='ocrx_word' id='word_1_17' title='bbox 2044 657 2170 701; x_wconf 84' lang='lat' dir='ltr'>arbor</span> <span class='ocrx_word' id='word_1_18' title='bbox 2198 662 2240 703; x_wconf 84' lang='lat' dir='ltr'>in</span> 
     </span>
     <span class='ocr_line' id='line_1_5' title="bbox 521 735 2243 794; baseline 0 -14"><span class='ocrx_word' id='word_1_19' title='bbox 521 737 690 780; x_wconf 84' lang='lat' dir='ltr'>hortum</span> <span class='ocrx_word' id='word_1_20' title='bbox 712 735 1134 778; x_wconf 67' lang='lat' dir='ltr'>Schenbrunnensem</span> <span class='ocrx_word' id='word_1_21' title='bbox 1156 743 1444 794; x_wconf 84' lang='lat' dir='ltr'>transportata</span> <span class='ocrx_word' id='word_1_22' title='bbox 1472 736 1575 790; x_wconf 83' lang='lat' dir='ltr'>fuit,</span> <span class='ocrx_word' id='word_1_23' title='bbox 1607 745 1757 780; x_wconf 86' lang='lat' dir='ltr'>trunco</span> <span class='ocrx_word' id='word_1_24' title='bbox 1790 735 2006 779; x_wconf 80' lang='lat' dir='ltr'>brachium</span> <span class='ocrx_word' id='word_1_25' title='bbox 2036 738 2166 780; x_wconf 81' lang='lat' dir='ltr'>craffo</span> <span class='ocrx_word' id='word_1_26' title='bbox 2199 739 2243 780; x_wconf 64' lang='grc' dir='ltr'>ὅ(</span> 
     </span>
     <span class='ocr_line' id='line_1_6' title="bbox 521 815 2241 872; baseline -0.001 -12"><span class='ocrx_word' id='word_1_27' title='bbox 521 818 752 861; x_wconf 81' lang='lat' dir='ltr'>altitudinis</span> <span class='ocrx_word' id='word_1_28' title='bbox 783 815 1003 868; x_wconf 78' lang='lat' dir='ltr'>humanae,</span> <span class='ocrx_word' id='word_1_29' title='bbox 1049 815 1223 872; x_wconf 85' lang='lat' dir='ltr'><strong>superne</strong></span> <span class='ocrx_word' id='word_1_30' title='bbox 1256 816 1391 861; x_wconf 87' lang='lat' dir='ltr'>diviso</span> <span class='ocrx_word' id='word_1_31' title='bbox 1423 821 1465 860; x_wconf 89' lang='lat' dir='ltr'>in</span> <span class='ocrx_word' id='word_1_32' title='bbox 1495 819 1650 860; x_wconf 81' lang='lat' dir='ltr'>crass&#39;os</span> <span class='ocrx_word' id='word_1_33' title='bbox 1683 824 1898 859; x_wconf 80' lang='lat' dir='ltr'>truncatos</span> <span class='ocrx_word' id='word_1_34' title='bbox 1927 830 2092 869; x_wconf 87' lang='lat' dir='ltr'>ramos,</span> <span class='ocrx_word' id='word_1_35' title='bbox 2124 816 2241 859; x_wconf 85' lang='lat' dir='ltr'>foliis</span> 
     </span>
     <span class='ocr_line' id='line_1_7' title="bbox 512 891 2242 954; baseline -0.001 -15"><span class='ocrx_word' id='word_1_36' title='bbox 512 898 645 953; x_wconf 22' lang='lat' dir='ltr'>&lt;plane</span> <span class='ocrx_word' id='word_1_37' title='bbox 665 894 809 948; x_wconf 86' lang='lat' dir='ltr'>orba3</span> <span class='ocrx_word' id='word_1_38' title='bbox 843 909 941 951; x_wconf 85' lang='lat' dir='ltr'>quae</span> <span class='ocrx_word' id='word_1_39' title='bbox 963 891 1178 951; x_wconf 85' lang='lat' dir='ltr'>subsequis</span> <span class='ocrx_word' id='word_1_40' title='bbox 1208 893 1413 939; x_wconf 67' lang='lat' dir='ltr'>mensibus</span> <span class='ocrx_word' id='word_1_41' title='bbox 1445 895 1561 939; x_wconf 88' lang='lat' dir='ltr'>Julio</span> <span class='ocrx_word' id='word_1_42' title='bbox 1592 904 1721 954; x_wconf 86' lang='lat' dir='ltr'>atque</span> <span class='ocrx_word' id='word_1_43' title='bbox 1749 895 1940 954; x_wconf 76' lang='lat' dir='ltr'>Augusto</span> <span class='ocrx_word' id='word_1_44' title='bbox 1976 899 2017 938; x_wconf 92' lang='lat' dir='ltr'>in</span> <span class='ocrx_word' id='word_1_45' title='bbox 2053 896 2242 938; x_wconf 82' lang='lat' dir='ltr'>caldario</span> 
     </span>
     <span class='ocr_line' id='line_1_8' title="bbox 518 974 2244 1035; baseline 0 -16"><span class='ocrx_word' id='word_1_46' title='bbox 518 977 663 1035; x_wconf 83' lang='lat' dir='ltr'>plures</span> <span class='ocrx_word' id='word_1_47' title='bbox 685 978 811 1019; x_wconf 85' lang='lat' dir='ltr'>flores</span> <span class='ocrx_word' id='word_1_48' title='bbox 843 976 1080 1033; x_wconf 82' lang='lat' dir='ltr'>produxit3</span> <span class='ocrx_word' id='word_1_49' title='bbox 1113 991 1223 1034; x_wconf 88' lang='lat' dir='ltr'>quos</span> <span class='ocrx_word' id='word_1_50' title='bbox 1254 976 1355 1020; x_wconf 87' lang='lat' dir='ltr'>ilico</span> <span class='ocrx_word' id='word_1_51' title='bbox 1387 975 1618 1033; x_wconf 81' lang='lat' dir='ltr'>descripfi3</span> <span class='ocrx_word' id='word_1_52' title='bbox 1650 983 1693 1017; x_wconf 86' lang='lat' dir='ltr'>at</span> <span class='ocrx_word' id='word_1_53' title='bbox 1723 975 1870 1018; x_wconf 83' lang='lat' dir='ltr'>frustra</span> <span class='ocrx_word' id='word_1_54' title='bbox 1898 974 1980 1018; x_wconf 87' lang='lat' dir='ltr'>huc</span> <span class='ocrx_word' id='word_1_55' title='bbox 2010 992 2146 1033; x_wconf 82' lang='lat' dir='ltr'>usque</span> <span class='ocrx_word' id='word_1_56' title='bbox 2175 992 2244 1019; x_wconf 85' lang='lat' dir='ltr'>ex-</span> 
     </span>
     <span class='ocr_line' id='line_1_9' title="bbox 517 1054 2242 1115; baseline -0.001 -16"><span class='ocrx_word' id='word_1_57' title='bbox 517 1058 706 1115; x_wconf 76' lang='lat' dir='ltr'>spectavi</span> <span class='ocrx_word' id='word_1_58' title='bbox 725 1056 855 1108; x_wconf 84' lang='lat' dir='ltr'>folia,</span> <span class='ocrx_word' id='word_1_59' title='bbox 887 1056 1094 1113; x_wconf 79' lang='lat' dir='ltr'>disparuit</span> <span class='ocrx_word' id='word_1_60' title='bbox 1135 1059 1244 1099; x_wconf 87' lang='lat' dir='ltr'>enim</span> <span class='ocrx_word' id='word_1_61' title='bbox 1274 1056 1395 1102; x_wconf 88' lang='lat' dir='ltr'>brevi</span> <span class='ocrx_word' id='word_1_62' title='bbox 1427 1054 1578 1109; x_wconf 81' lang='lat' dir='ltr'>arbor,</span> <span class='ocrx_word' id='word_1_63' title='bbox 1622 1070 1720 1112; x_wconf 88' lang='lat' dir='ltr'>quae</span> <span class='ocrx_word' id='word_1_64' title='bbox 1750 1062 1824 1097; x_wconf 87' lang='lat' dir='ltr'>aut</span> <span class='ocrx_word' id='word_1_65' title='bbox 1854 1058 1999 1112; x_wconf 83' lang='lat' dir='ltr'>periit,</span> <span class='ocrx_word' id='word_1_66' title='bbox 2043 1063 2115 1097; x_wconf 84' lang='lat' dir='ltr'>aut</span> <span class='ocrx_word' id='word_1_67' title='bbox 2143 1056 2242 1098; x_wconf 91' lang='lat' dir='ltr'>loco</span> 
     </span>
     <span class='ocr_line' id='line_1_10' title="bbox 514 1134 2241 1196; baseline -0.001 -15"><span class='ocrx_word' id='word_1_68' title='bbox 514 1146 681 1182; x_wconf 84' lang='lat' dir='ltr'>mutato</span> <span class='ocrx_word' id='word_1_69' title='bbox 704 1141 848 1196; x_wconf 82' lang='lat' dir='ltr'>ignota</span> <span class='ocrx_word' id='word_1_70' title='bbox 869 1143 934 1178; x_wconf 88' lang='lat' dir='ltr'>tot</span> <span class='ocrx_word' id='word_1_71' title='bbox 957 1136 1063 1179; x_wconf 78' lang='lat' dir='ltr'>alias</span> <span class='ocrx_word' id='word_1_72' title='bbox 1088 1139 1195 1178; x_wconf 83' lang='lat' dir='ltr'>inter</span> <span class='ocrx_word' id='word_1_73' title='bbox 1217 1139 1382 1194; x_wconf 83' lang='lat' dir='ltr'>ignotas</span> <span class='ocrx_word' id='word_1_74' title='bbox 1413 1136 1531 1179; x_wconf 82' lang='lat' dir='ltr'>latet.</span> <span class='ocrx_word' id='word_1_75' title='bbox 1593 1134 1698 1178; x_wconf 87' lang='lat' dir='ltr'>Non</span> <span class='ocrx_word' id='word_1_76' title='bbox 1727 1145 1856 1194; x_wconf 87' lang='lat' dir='ltr'>puto,</span> <span class='ocrx_word' id='word_1_77' title='bbox 1897 1138 1951 1179; x_wconf 85' lang='lat' dir='ltr'>ad</span> <span class='ocrx_word' id='word_1_78' title='bbox 1982 1135 2241 1180; x_wconf 84' lang='lat' dir='ltr'>Linnaeanas</span> 
     </span>
     <span class='ocr_line' id='line_1_11' title="bbox 515 1214 2237 1276; baseline -0.002 -13"><span class='ocrx_word' id='word_1_79' title='bbox 515 1221 662 1263; x_wconf 83' lang='lat' dir='ltr'>reduci</span> <span class='ocrx_word' id='word_1_80' title='bbox 682 1219 840 1276; x_wconf 82' lang='lat' dir='ltr'>specics</span> <span class='ocrx_word' id='word_1_81' title='bbox 863 1217 1006 1274; x_wconf 68' lang='lat' dir='ltr'>po&#39;ss&#39;e,</span> <span class='ocrx_word' id='word_1_82' title='bbox 1039 1231 1065 1260; x_wconf 87' lang='lat' dir='ltr'>a</span> <span class='ocrx_word' id='word_1_83' title='bbox 1090 1214 1245 1274; x_wconf 86' lang='lat' dir='ltr'>quibus</span> <span class='ocrx_word' id='word_1_84' title='bbox 1266 1217 1406 1259; x_wconf 84' lang='lat' dir='ltr'>differt</span> <span class='ocrx_word' id='word_1_85' title='bbox 1427 1215 1736 1257; x_wconf 82' lang='lat' dir='ltr'>inflorescentia</span> <span class='ocrx_word' id='word_1_86' title='bbox 1769 1216 1812 1257; x_wconf 83' lang='lat'>&amp;</span> <span class='ocrx_word' id='word_1_87' title='bbox 1845 1219 2021 1258; x_wconf 86' lang='lat' dir='ltr'>nectarii</span> <span class='ocrx_word' id='word_1_88' title='bbox 2053 1216 2237 1259; x_wconf 79' lang='lat' dir='ltr'>defectu.</span> 
     </span>
     <span class='ocr_line' id='line_1_12' title="bbox 520 1296 2239 1356; baseline -0.002 -14"><span class='ocrx_word' id='word_1_89' title='bbox 520 1299 700 1342; x_wconf 85' lang='lat' dir='ltr'>Racemi</span> <span class='ocrx_word' id='word_1_90' title='bbox 723 1298 947 1356; x_wconf 79' lang='lat' dir='ltr'>compositi</span> <span class='ocrx_word' id='word_1_91' title='bbox 957 1332 970 1351; x_wconf 86' lang='lat'><em>,</em></span> <span class='ocrx_word' id='word_1_92' title='bbox 1003 1297 1257 1356; x_wconf 86' lang='lat' dir='ltr'>triunciales.</span> <span class='ocrx_word' id='word_1_93' title='bbox 1318 1297 1543 1340; x_wconf 87' lang='lat' dir='ltr'>Racemuli</span> <span class='ocrx_word' id='word_1_94' title='bbox 1567 1296 1653 1341; x_wconf 64' lang='lat' dir='ltr'>,five</span> <span class='ocrx_word' id='word_1_95' title='bbox 1680 1299 1838 1339; x_wconf 79' lang='lat' dir='ltr'>racemi</span> <span class='ocrx_word' id='word_1_96' title='bbox 1873 1296 2075 1352; x_wconf 86' lang='lat' dir='ltr'>partiales</span> <span class='ocrx_word' id='word_1_97' title='bbox 2109 1298 2239 1354; x_wconf 82' lang='lat' dir='ltr'>cylin-</span> 
     </span>
     <span class='ocr_line' id='line_1_13' title="bbox 511 1374 2245 1434; baseline -0.001 -15"><span class='ocrx_word' id='word_1_98' title='bbox 511 1381 622 1423; x_wconf 79' lang='lat' dir='ltr'>drici</span> <span class='ocrx_word' id='word_1_99' title='bbox 644 1414 656 1434; x_wconf 86' lang='lat'><em>,</em></span> <span class='ocrx_word' id='word_1_100' title='bbox 699 1380 840 1432; x_wconf 74' lang='lat' dir='ltr'>deuii,</span> <span class='ocrx_word' id='word_1_101' title='bbox 881 1377 1130 1421; x_wconf 86' lang='lat' dir='ltr'>biunciales.</span> <span class='ocrx_word' id='word_1_102' title='bbox 1190 1374 1460 1420; x_wconf 86' lang='lat' dir='ltr'>Pedunculus</span> <span class='ocrx_word' id='word_1_103' title='bbox 1507 1379 1739 1419; x_wconf 83' lang='lat' dir='ltr'>communis</span> <span class='ocrx_word' id='word_1_104' title='bbox 1769 1377 1968 1432; x_wconf 82' lang='lat' dir='ltr'>princeps</span> <span class='ocrx_word' id='word_1_105' title='bbox 2003 1382 2141 1428; x_wconf 88' lang='lat' dir='ltr'>teres,</span> <span class='ocrx_word' id='word_1_106' title='bbox 2190 1376 2245 1418; x_wconf 89' lang='lat' dir='ltr'>ad</span> 
     </span>
     <span class='ocr_line' id='line_1_14' title="bbox 518 1452 2244 1513; baseline -0.003 -10"><span class='ocrx_word' id='word_1_107' title='bbox 518 1462 673 1503; x_wconf 83' lang='lat' dir='ltr'>lentem</span> <span class='ocrx_word' id='word_1_108' title='bbox 705 1459 938 1504; x_wconf 79' lang='lat' dir='ltr'>villosulus.</span> <span class='ocrx_word' id='word_1_109' title='bbox 1029 1455 1267 1500; x_wconf 86' lang='lat' dir='ltr'>Pedunculi</span> <span class='ocrx_word' id='word_1_110' title='bbox 1296 1471 1540 1499; x_wconf 86' lang='lat' dir='ltr'>communes</span> <span class='ocrx_word' id='word_1_111' title='bbox 1579 1454 1784 1513; x_wconf 83' lang='lat' dir='ltr'>partiales</span> <span class='ocrx_word' id='word_1_112' title='bbox 1828 1452 2010 1506; x_wconf 83' lang='lat' dir='ltr'>breves,</span> <span class='ocrx_word' id='word_1_113' title='bbox 2064 1462 2244 1507; x_wconf 85' lang='lat' dir='ltr'>teretes,</span> 
     </span>
     <span class='ocr_line' id='line_1_15' title="bbox 519 1533 2245 1601; baseline -0.003 -18"><span class='ocrx_word' id='word_1_114' title='bbox 519 1539 678 1601; x_wconf 78' lang='lat' dir='ltr'>glabri,</span> <span class='ocrx_word' id='word_1_115' title='bbox 709 1533 1081 1597; x_wconf 80' lang='lat' dir='ltr'>purpurascentes,</span> <span class='ocrx_word' id='word_1_116' title='bbox 1125 1535 1347 1579; x_wconf 87' lang='lat' dir='ltr'>inferiores</span> <span class='ocrx_word' id='word_1_117' title='bbox 1379 1539 1627 1594; x_wconf 86' lang='lat' dir='ltr'>pauciflori,</span> <span class='ocrx_word' id='word_1_118' title='bbox 1672 1536 1817 1577; x_wconf 85' lang='lat' dir='ltr'>summi</span> <span class='ocrx_word' id='word_1_119' title='bbox 1850 1536 2022 1577; x_wconf 82' lang='lat' dir='ltr'>uniflori</span> <span class='ocrx_word' id='word_1_120' title='bbox 2057 1536 2100 1578; x_wconf 88' lang='lat'>&amp;</span> <span class='ocrx_word' id='word_1_121' title='bbox 2132 1539 2245 1594; x_wconf 83' lang='lat' dir='ltr'>geni-</span> 
     </span>
     <span class='ocr_line' id='line_1_16' title="bbox 519 1614 2244 1676; baseline -0.002 -13"><span class='ocrx_word' id='word_1_122' title='bbox 519 1621 663 1663; x_wconf 88' lang='lat' dir='ltr'>culati.</span> <span class='ocrx_word' id='word_1_123' title='bbox 725 1617 931 1662; x_wconf 87' lang='lat' dir='ltr'>Pedicelli</span> <span class='ocrx_word' id='word_1_124' title='bbox 952 1621 1115 1676; x_wconf 85' lang='lat' dir='ltr'>proprii</span> <span class='ocrx_word' id='word_1_125' title='bbox 1144 1616 1295 1662; x_wconf 83' lang='lat' dir='ltr'>breves</span> <span class='ocrx_word' id='word_1_126' title='bbox 1328 1619 1372 1661; x_wconf 74' lang='grc' dir='ltr'>ὅτ</span> <span class='ocrx_word' id='word_1_127' title='bbox 1407 1617 1551 1661; x_wconf 89' lang='lat' dir='ltr'>albidi.</span> <span class='ocrx_word' id='word_1_128' title='bbox 1611 1614 1847 1659; x_wconf 86' lang='lat' dir='ltr'>Perianthii</span> <span class='ocrx_word' id='word_1_129' title='bbox 1877 1615 2032 1658; x_wconf 84' lang='lat' dir='ltr'>foliola</span> <span class='ocrx_word' id='word_1_130' title='bbox 2073 1617 2244 1669; x_wconf 66' lang='lat' dir='ltr'>cibata,</span> 
     </span>
     <span class='ocr_line' id='line_1_17' title="bbox 518 1686 2319 1758; baseline -0.003 -15"><span class='ocrx_word' id='word_1_131' title='bbox 518 1700 660 1744; x_wconf 81' lang='lat' dir='ltr'>subtus</span> <span class='ocrx_word' id='word_1_132' title='bbox 683 1700 842 1758; x_wconf 80' lang='lat' dir='ltr'>pallide</span> <span class='ocrx_word' id='word_1_133' title='bbox 863 1700 1038 1752; x_wconf 84' lang='lat' dir='ltr'>viridia,</span> <span class='ocrx_word' id='word_1_134' title='bbox 1069 1698 1181 1741; x_wconf 82' lang='lat' dir='ltr'>facie</span> <span class='ocrx_word' id='word_1_135' title='bbox 1207 1697 1364 1742; x_wconf 77' lang='lat' dir='ltr'>albida.</span> <span class='ocrx_word' id='word_1_136' title='bbox 1425 1695 1580 1744; x_wconf 83' lang='lat' dir='ltr'>Petala</span> <span class='ocrx_word' id='word_1_137' title='bbox 1612 1686 1755 1738; x_wconf 74' lang='lat' dir='ltr'>ciliata</span> <span class='ocrx_word' id='word_1_138' title='bbox 1782 1696 1824 1738; x_wconf 88' lang='lat'>&amp;</span> <span class='ocrx_word' id='word_1_139' title='bbox 1852 1694 2009 1739; x_wconf 70' lang='lat' dir='ltr'>albida.</span> <span class='ocrx_word' id='word_1_140' title='bbox 2073 1695 2236 1739; x_wconf 86' lang='lat' dir='ltr'>Anthe-</span> <span class='ocrx_word' id='word_1_141' title='bbox 2313 1708 2319 1713; x_wconf 60' lang='lat'><strong>¹</strong></span> 
     </span>
     <span class='ocr_line' id='line_1_18' title="bbox 518 1778 1532 1825; baseline -0.004 -1"><span class='ocrx_word' id='word_1_142' title='bbox 518 1798 578 1825; x_wconf 86' lang='lat' dir='ltr'>rae</span> <span class='ocrx_word' id='word_1_143' title='bbox 603 1782 744 1823; x_wconf 78' lang='lat' dir='ltr'>luteae.</span> <span class='ocrx_word' id='word_1_144' title='bbox 809 1778 997 1822; x_wconf 87' lang='lat' dir='ltr'>Germen</span> <span class='ocrx_word' id='word_1_145' title='bbox 1021 1779 1065 1822; x_wconf 72' lang='grc' dir='ltr'>δι</span> <span class='ocrx_word' id='word_1_146' title='bbox 1086 1779 1300 1821; x_wconf 82' lang='lat' dir='ltr'>filamenta</span> <span class='ocrx_word' id='word_1_147' title='bbox 1320 1778 1532 1821; x_wconf 82' lang='lat' dir='ltr'>hirsutum.</span> 
     </span>
    </p>
   </div>
   <div class='ocr_carea' id='block_1_3' title="bbox 518 1934 2244 2621">
    <p class='ocr_par' dir='ltr' id='par_1_3' title="bbox 518 1934 2242 2070">
     <span class='ocr_line' id='line_1_19' title="bbox 518 1934 2242 1995; baseline -0.003 -14"><span class='ocrx_word' id='word_1_148' title='bbox 518 1937 646 1983; x_wconf 87' lang='lat' dir='ltr'><strong>-CAL.</strong></span> <span class='ocrx_word' id='word_1_149' title='bbox 678 1936 969 1981; x_wconf 86' lang='lat' dir='ltr'>Perianthium</span> <span class='ocrx_word' id='word_1_150' title='bbox 991 1936 1291 1995; x_wconf 79' lang='lat' dir='ltr'>octophyllum</span> <span class='ocrx_word' id='word_1_151' title='bbox 1310 1949 1332 1990; x_wconf 76' lang='lat'>3.</span> <span class='ocrx_word' id='word_1_152' title='bbox 1364 1934 1530 1979; x_wconf 88' lang='lat' dir='ltr'>foliolis</span> <span class='ocrx_word' id='word_1_153' title='bbox 1568 1934 1818 1978; x_wconf 82' lang='lat' dir='ltr'>lanceolatis</span> <span class='ocrx_word' id='word_1_154' title='bbox 1839 1968 1853 1987; x_wconf 85' lang='lat'>‚</span> <span class='ocrx_word' id='word_1_155' title='bbox 1898 1936 2055 1985; x_wconf 84' lang='lat' dir='ltr'>acutis,</span> <span class='ocrx_word' id='word_1_156' title='bbox 2099 1941 2242 1991; x_wconf 86' lang='lat' dir='ltr'>paten-</span> 
     </span>
     <span class='ocr_line' id='line_1_20' title="bbox 635 2018 1167 2070; baseline 0.002 -11"><span class='ocrx_word' id='word_1_157' title='bbox 635 2018 819 2070; x_wconf 82' lang='lat' dir='ltr'>tiffimis‚</span> <span class='ocrx_word' id='word_1_158' title='bbox 852 2019 973 2059; x_wconf 90' lang='lat' dir='ltr'>unius</span> <span class='ocrx_word' id='word_1_159' title='bbox 996 2018 1167 2060; x_wconf 84' lang='lat' dir='ltr'>ordinis.</span> 
     </span>
    </p>

    <p class='ocr_par' dir='ltr' id='par_1_4' title="bbox 523 2093 2243 2237">
     <span class='ocr_line' id='line_1_21' title="bbox 523 2093 2243 2154; baseline -0.003 -12"><span class='ocrx_word' id='word_1_160' title='bbox 523 2097 646 2142; x_wconf 84' lang='lat' dir='ltr'><strong>COR.</strong></span> <span class='ocrx_word' id='word_1_161' title='bbox 677 2095 831 2140; x_wconf 87' lang='lat' dir='ltr'>Petala</span> <span class='ocrx_word' id='word_1_162' title='bbox 871 2105 972 2140; x_wconf 89' lang='lat' dir='ltr'>octo</span> <span class='ocrx_word' id='word_1_163' title='bbox 994 2132 1007 2150; x_wconf 87' lang='lat'>‚</span> <span class='ocrx_word' id='word_1_164' title='bbox 1048 2098 1324 2147; x_wconf 85' lang='lat' dir='ltr'>lanceolata,</span> <span class='ocrx_word' id='word_1_165' title='bbox 1365 2104 1490 2139; x_wconf 84' lang='lat' dir='ltr'>acuta</span> <span class='ocrx_word' id='word_1_166' title='bbox 1511 2130 1524 2150; x_wconf 93' lang='lat'><em>,</em></span> <span class='ocrx_word' id='word_1_167' title='bbox 1564 2095 1848 2154; x_wconf 79' lang='lat' dir='ltr'>patentissima</span> <span class='ocrx_word' id='word_1_168' title='bbox 1871 2128 1884 2147; x_wconf 86' lang='lat'><em>‚</em></span> <span class='ocrx_word' id='word_1_169' title='bbox 1932 2094 2079 2152; x_wconf 81' lang='lat' dir='ltr'>calyce</span> <span class='ocrx_word' id='word_1_170' title='bbox 2111 2093 2243 2152; x_wconf 86' lang='lat' dir='ltr'>paulo</span> 
     </span>
     <span class='ocr_line' id='line_1_22' title="bbox 640 2178 851 2237; baseline -0.009 -16"><span class='ocrx_word' id='word_1_171' title='bbox 640 2178 851 2237; x_wconf 82' lang='lat' dir='ltr'>longiora.</span> 
     </span>
    </p>

    <p class='ocr_par' dir='ltr' id='par_1_5' title="bbox 525 2254 2244 2395">
     <span class='ocr_line' id='line_1_23' title="bbox 525 2254 2244 2316; baseline -0.003 -14"><span class='ocrx_word' id='word_1_172' title='bbox 525 2256 688 2302; x_wconf 89' lang='lat' dir='ltr'><strong>STAM.</strong></span> <span class='ocrx_word' id='word_1_173' title='bbox 721 2256 758 2299; x_wconf 89' lang='lat' dir='ltr'><strong>F</strong></span> <span class='ocrx_word' id='word_1_174' title='bbox 761 2257 964 2300; x_wconf 87' lang='lat' dir='ltr'>ilamenta</span> <span class='ocrx_word' id='word_1_175' title='bbox 990 2264 1116 2310; x_wconf 84' lang='lat' dir='ltr'>octo,</span> <span class='ocrx_word' id='word_1_176' title='bbox 1147 2254 1363 2309; x_wconf 83' lang='lat' dir='ltr'>subulata,</span> <span class='ocrx_word' id='word_1_177' title='bbox 1407 2258 1728 2311; x_wconf 79' lang='lat' dir='ltr'>adscendentia‚</span> <span class='ocrx_word' id='word_1_178' title='bbox 1760 2256 2027 2316; x_wconf 80' lang='lat' dir='ltr'>longitudine</span> <span class='ocrx_word' id='word_1_179' title='bbox 2055 2254 2244 2298; x_wconf 77' lang='lat' dir='ltr'>corollae.</span> 
     </span>
     <span class='ocr_line' id='line_1_24' title="bbox 639 2335 1636 2395; baseline 0.002 -16"><span class='ocrx_word' id='word_1_180' title='bbox 639 2336 844 2379; x_wconf 84' lang='lat' dir='ltr'>Antherae</span> <span class='ocrx_word' id='word_1_181' title='bbox 864 2340 1067 2395; x_wconf 65' lang='lat' dir='ltr'>geminae,</span> <span class='ocrx_word' id='word_1_182' title='bbox 1102 2335 1396 2392; x_wconf 82' lang='lat' dir='ltr'>subrotnndae,</span> <span class='ocrx_word' id='word_1_183' title='bbox 1430 2338 1636 2383; x_wconf 79' lang='lat' dir='ltr'>bivalvcs.</span> 
     </span>
    </p>

    <p class='ocr_par' dir='ltr' id='par_1_6' title="bbox 528 2414 2239 2555">
     <span class='ocr_line' id='line_1_25' title="bbox 528 2414 2239 2477; baseline -0.005 -15"><span class='ocrx_word' id='word_1_184' title='bbox 528 2416 664 2463; x_wconf 83' lang='lat' dir='ltr'>PJST.</span> <span class='ocrx_word' id='word_1_185' title='bbox 699 2416 885 2461; x_wconf 81' lang='lat' dir='ltr'>Germen</span> <span class='ocrx_word' id='word_1_186' title='bbox 918 2418 1131 2476; x_wconf 86' lang='lat' dir='ltr'>superum,</span> <span class='ocrx_word' id='word_1_187' title='bbox 1174 2426 1361 2462; x_wconf 85' lang='lat' dir='ltr'>ovatum.</span> <span class='ocrx_word' id='word_1_188' title='bbox 1423 2417 1569 2477; x_wconf 80' lang='lat' dir='ltr'>Stylus</span> <span class='ocrx_word' id='word_1_189' title='bbox 1603 2418 1841 2472; x_wconf 85' lang='lat' dir='ltr'>filiformis‚</span> <span class='ocrx_word' id='word_1_190' title='bbox 1884 2424 2046 2461; x_wconf 83' lang='lat' dir='ltr'>erectus</span> <span class='ocrx_word' id='word_1_191' title='bbox 2071 2448 2084 2468; x_wconf 87' lang='lat'><em>‚</em></span> <span class='ocrx_word' id='word_1_192' title='bbox 2126 2414 2239 2456; x_wconf 86' lang='lat' dir='ltr'>semi-</span> 
     </span>
     <span class='ocr_line' id='line_1_26' title="bbox 646 2495 1422 2555; baseline -0.004 -15"><span class='ocrx_word' id='word_1_193' title='bbox 646 2498 919 2555; x_wconf 81' lang='lat' dir='ltr'>quadrifidus.</span> <span class='ocrx_word' id='word_1_194' title='bbox 980 2495 1190 2555; x_wconf 83' lang='lat' dir='ltr'>Stigmata</span> <span class='ocrx_word' id='word_1_195' title='bbox 1212 2497 1422 2554; x_wconf 73' lang='lat' dir='ltr'>simplicia.</span> 
     </span>
    </p>

    <p class='ocr_par' dir='ltr' id='par_1_7' title="bbox 1947 2573 2182 2621">
     <span class='ocr_line' id='line_1_27' title="bbox 1947 2573 2182 2621; baseline -0.026 0"><span class='ocrx_word' id='word_1_196' title='bbox 1947 2573 2182 2621; x_wconf 86' lang='lat' dir='ltr'>DCXXII.</span> 
     </span>
    </p>
   </div>
  </div>
 </body>
</html>
