2436 3246
510 269 591 316 >16

679 390 910 444 revolutis,
942 389 1224 444 fasciculatis3
1256 389 1476 446 calycibus
1502 389 1653 448 planis,
1686 388 2034 433 cordato-acutis.
2068 388 2221 434 Pourr.

680 480 765 514 act
791 471 912 529 colos
936 471 1018 515 vol.
1044 486 1088 530 3.
1104 485 1212 530 pag.
1230 484 1331 529 314.

508 548 643 598 Cistus
663 550 905 598 lavandulae
929 553 1127 599 latifoliae
1148 553 1272 596 folio,
1306 552 1440 597 Barr.
1464 564 1556 593 rar.
1568 564 1676 608 pag.
1693 563 1764 607 52.
1786 551 1839 593 ic.
1863 555 1959 603 288,

681 708 839 753 Crescit
863 715 905 754 in
926 710 1154 755 Catalonia
1178 711 1222 754 &
1244 714 1354 754 circa
1374 709 1598 768 Malagam
1617 713 1659 751 in
1680 708 1905 765 Hispania.
1939 706 2090 750 Floret
2113 708 2228 765 apud

506 802 586 835 nos
607 803 631 830 a
662 786 778 831 Julio
805 789 858 833 ad
892 787 1128 832 Octobrim.
1193 787 1338 832 Caulis
1370 787 1617 841 fruticosus,
1666 797 1853 841 erectus,
1896 788 2227 846 sesquipedalis,

506 852 617 909 teres
638 900 650 919 ‚
692 866 898 909 calamum
928 868 1080 911 crassus
1102 901 1115 920 ‚
1156 866 1369 920 ramosus,
1410 867 1548 910 fuscus
1570 903 1583 921 ,
1628 869 1682 910 ad
1719 868 1875 909 lentem
1901 868 2225 910 tomentosulus.

507 943 641 987 Tales
668 948 792 988 etiam
818 948 944 999 rami,
978 948 1255 1003 quijuniores
1277 947 1368 989 sunt
1386 951 1537 991 incani.
1600 947 1730 992 Folia
1763 949 1854 991 sunt
1877 948 2104 1006 oppofita,
2136 946 2228 989 bre-

505 1026 668 1072 viffime
691 1026 922 1083 petiolata,
954 1026 1220 1079 lanceolata,
1268 1033 1417 1080 acuta,
1448 1029 1738 1085 integerrima,
1782 1028 1834 1070 ad
1870 1042 1966 1071 oras
2007 1029 2228 1082 revoluta,

507 1109 705 1163 utrinque
729 1106 965 1149 tomentol'a
984 1139 997 1158 ‚
1038 1104 1181 1149 subtus
1214 1109 1385 1161 incana,
1423 1108 1603 1157 ¹crassula
1639 1109 1683 1151 ὅτ
1714 1108 1918 1166 rigidula‚
1952 1108 2096 1150 adulta
2127 1108 2222 1165 plus

508 1201 636 1245 quam
659 1188 853 1232 uncialia.
912 1185 1082 1244 Stipula
1107 1188 1303 1241 utrinque
1338 1186 1392 1228 ad
1423 1184 1649 1243 quodlibet
1683 1184 1834 1227 folium
1865 1186 2227 1228 lanceolato-acu-

506 1269 688 1318 minata,
719 1269 891 1319 incana,
925 1265 1091 1318 ciliata,
1134 1273 1302 1316 erecta,
1344 1262 1499 1308 brevis.
1563 1262 1776 1306 Racemus
1807 1263 1993 1314 trifidus,
2035 1267 2228 1307 termina-

505 1346 581 1399 lis,
616 1346 660 1388 ὅτ
689 1361 739 1388 ex
761 1346 877 1389 foliis
898 1346 1063 1402 summis
1085 1350 1281 1404 utrinque
1308 1343 1507 1389 axillariS.
1568 1342 1746 1387 Racemi
1776 1344 1946 1385 tandem
1971 1345 2227 1398 triunciales,

508 1425 753 1478 multiflori,
784 1425 935 1469 villofi.
996 1422 1205 1468 Pedicelli
1229 1423 1407 1476 breves,
1439 1425 1593 1466 cernui.
1654 1423 1691 1465 F
1695 1424 1807 1466 lores
1835 1432 2056 1478 nutantes,
2089 1424 2229 1468 secun·

509 1504 566 1561 di.
629 1500 801 1558 Calycis
823 1503 959 1547 villosi
981 1503 1135 1547 foliola
1158 1505 1243 1546 duo
1263 1507 1474 1547 exteriora
1498 1504 2142 1560 lanceolam-linearia„acuta,
2176 1507 2229 1548 ci-

508 1582 637 1633 nata,
669 1596 817 1638 parva.
881 1579 988 1624 Tria
1010 1585 1213 1625 interiora
1235 1591 1391 1639 ovata,
1424 1592 1562 1637 acuta,
1595 1599 1800 1637 concava,
1832 1584 2040 1637 histriata,
2073 1586 2227 1629 ciliata.

509 1646 662 1707 'petala
680 1661 817 1712 lutea,
852 1663 1136 1718 emarginata,
1170 1661 1317 1719 calyce
1354 1662 1563 1723 longiora.
1628 1663 1820 1707 Stamina
1851 1664 1978 1707 lutea.
2043 1663 2230 1707 Germen

505 1739 719 1782 hirsutum.
778 1737 927 1796 Stylus
963 1739 1202 1784 staminibus
1234 1742 1365 1798 paulo
1403 1742 1585 1803 longior.
1646 1741 1808 1801 Stigma
1846 1730 2234 1800 penicillisormiter'

506 1820 842 1877 multipartitum.
904 1818 1106 1862 Fructum
1141 1834 1225 1863 non
1251 1819 1443 1878 perfecit.
1508 1821 1636 1864 Clufii
1668 1819 1823 1862 Cistum
1848 1821 2086 1864 lavendulae
2115 1822 2226 1864 solio

508 1903 550 1942 in
576 1899 826 1956 synonymia
852 1899 996 1951 omisi,
1028 1900 1225 1957 adeoque
1259 1905 1386 1945 etiam
1419 1901 1652 1959 Casparum
1684 1898 1951 1954 Bauhinum,
1997 1905 2097 1958 quia
2127 1902 2229 1945 mihi

511 1979 676 2022 videtur
699 1976 826 2036 longe
852 1977 934 2022 alia
955 1964 1043 2020 esse·
1058 1978 1142 2022 cisti
1162 1980 1335 2036 species.

524 2194 528 2198 ὓ
1254 2111 1555 2182 Dcxxxr.⁴

565 2251 848 2298 STACHYS
879 2250 1148 2297 RUGOSA.
1209 2253 1302 2298 Ait.
1325 2254 1439 2299 kort.
1461 2256 1566 2300 keu).
1590 2258 1670 2301 vol.
1695 2271 1734 2302 2.
1757 2273 1865 2316 pag.
1882 2273 1984 2318 303.

686 2371 846 2416 Crescit
871 2373 922 2415 ad
947 2357 1294 2416 promontorium
1317 2373 1443 2419 honae
1463 2374 1580 2434 Spei.
1642 2375 1775 2434 Apud
1796 2391 1874 2420 nos
1905 2379 2030 2420 floret
2060 2376 2112 2419 ab
2138 2374 2228 2419 Au·

510 2453 626 2512 gusto
652 2453 705 2495 ad
725 2451 1017 2531 Novembiim.
1082 2451 1201 2497 Tota
1230 2455 1450 2510 nauseosa,
1492 2457 1676 2512 foetida,
1717 2457 1956 2501 tomentosa
1987 2458 2032 2499 &
2066 2460 2228 2498 incana.

2013 2534 2171 2579 Caules
