2436 3246
1796 313 1853 356 35

151 427 226 470 stat
248 442 299 469 ex
325 428 490 485 aggerie
509 422 705 467 fibrarum
727 420 946 463 crassatum
968 419 1221 462 ramosarum
1247 417 1578 477 albidarumque.
1639 417 1767 460 Folia
1795 434 1857 461 ra-

152 506 305 549 dicalia
337 507 515 563 plurima
537 539 550 557 ,
591 503 717 545 crassa
728 535 741 554 ,
783 517 835 543 ex
867 499 1031 557 petiolo
1063 498 1344 541 canaliculato
1375 507 1602 554 erectoque
1638 506 1766 542 ovata
1788 498 1859 542 vel

149 586 421 638 lanceolata,
455 584 626 635 obtusa,
668 583 721 624 ad
758 595 852 624 oras
884 581 1013 636 magis
1049 581 1239 621 minusve
1271 578 1463 629 dentata,
1497 578 1608 634 saepe
1637 577 1725 620 fere
1757 583 1858 621 inte-

152 667 354 722 gerrima,
394 664 547 719 crispa,
591 659 777 714 bullata,
818 658 1026 709 nervosa,
1068 660 1367 710 atrovirentia,
1408 658 1512 699 duas
1544 665 1683 701 tresve
1718 660 1859 699 uncias

153 742 293 800 longa.
351 739 480 797 Scapi
508 740 650 797 plures
676 773 688 792 ,
732 746 914 790 teretes,
957 738 1107 788 erecti,
1151 736 1412 793 longitudine
1441 735 1657 777 foliorum.
1718 732 1859 790 Spicae

151 825 326 870 teretes,
359 817 509 859 densae.
573 815 747 873 Calycis
769 813 926 874 glabri,
959 816 1131 858 virentis
1160 813 1365 870 nitidique
1396 812 1550 855 foliola
1579 811 1859 864 subrotunda,

148 894 330 948 obtusa,
370 886 634 952 inaequalia,
676 894 860 937 carnosa.
935 890 1076 934 Petali
1108 890 1239 934 albidi
1271 891 1435 933 laciniae
1471 899 1619 934 acutae.
1689 889 1859 934 Semina

149 980 304 1027 ovata,
338 974 391 1016 ad
412 973 566 1017 lentem
592 981 816 1030 punctata,
847 974 1118 1030 nigricantia,
1151 987 1225 1015 nec
1248 972 1392 1016 nitida.

930 1127 1077 1173 DLII„

203 1286 561 1335 PLANTAGO
592 1285 718 1332 PAT
721 1286 808 1332 AG
816 1284 902 1332 ΟΝ
905 1284 1024 1330 ICA.

332 1443 489 1488 Crescit
525 1446 579 1488 ad
602 1443 990 1502 Champion-River
1019 1446 1060 1485 in
1085 1441 1337 1503 pat-agonia,
1398 1443 1548 1487 Floret
1579 1451 1714 1487 totam
1746 1443 1857 1486 aesta-

149 1533 246 1569 tem.
307 1523 447 1568 Radix
467 1524 651 1577 ramosa,
684 1523 847 1577 albida,
880 1538 1040 1577 annua,
1072 1524 1176 1566 duas
1205 1531 1345 1568 tresve
1365 1527 1507 1567 uncias
1527 1524 1667 1583 longa.
1729 1522 1858 1565 Folia

148 1603 350 1647 radicalia
375 1604 578 1661 plurima,
609 1604 1069 1656 lanceolam-linearia,
1113 1611 1258 1656 acuta,
1303 1606 1594 1661 integerrima,
1626 1602 1856 1645 subcanali-

146 1685 312 1738 culata,
346 1686 543 1739 crass'ula,
584 1684 828 1736 subincana,
869 1690 952 1725 tres
985 1688 1222 1738 quatuorve
1251 1681 1394 1721 uncias
1426 1679 1585 1738 longa,
1627 1680 1854 1737 prostrata,

144 1763 336 1818 patentia
366 1768 438 1802 aut
472 1768 623 1811 erecta.
686 1758 815 1817 Scapi
843 1760 1035 1816 plurimi,
1067 1767 1248 1812 teretes,
1279 1775 1304 1801 a
1337 1759 1548 1802 sescuncia
1583 1761 1637 1802 ad
1667 1755 1880 1817 quinque'

145 1841 290 1880 uncias
308 1837 448 1896 longi,
479 1838 609 1879 modo
644 1837 859 1894 prostrati,
899 1839 1029 1882 modo
1062 1843 1214 1893 erecti,
1243 1841 1388 1899 rigidi,
1419 1854 1496 1882 nec
1524 1839 1651 1882 striati
1682 1847 1754 1881 aut
1783 1854 1852 1882 an-

144 1915 290 1975 gulati.
352 1913 481 1972 Spica
507 1914 736 1957 terminalis
757 1949 770 1968 ,
811 1924 971 1969 erecta,
1014 1919 1246 1977 cylindrica
1264 1953 1277 1972 ,
1319 1919 1527 1962 calamum
1558 1921 1708 1973 crassa,
1741 1933 1853 1962 com-

145 2003 293 2052 pacta,
325 1995 420 2052 plus
441 1997 574 2037 minus
597 1994 830 2037 biuncialis.
891 1994 1073 2039 Bractea
1094 1998 1146 2038 ad
1177 1996 1356 2055 singulos
1384 1999 1510 2039 flores
1539 1997 1852 2039 lanceolato-li-

146 2078 309 2127 nearis,
341 2075 530 2128 acutula,
563 2077 669 2117 flore
691 2075 870 2134 longior,
903 2075 1088 2119 craffula.
1151 2074 1384 2119 Perianthii
1403 2077 1455 2118 ad
1476 2075 1587 2119 basin
1607 2076 1695 2118 fere
1715 2091 1849 2134 usque

149 2154 443 2210 quadripartiti
464 2154 619 2197 foliola
653 2153 862 2213 oblonga,
904 2154 1074 2209 obtusa,
1115 2172 1331 2210 concava,
1364 2161 1405 2200 in
1437 2158 1558 2200 dorso
1592 2157 1635 2198 &
1665 2156 1718 2197 ad
1755 2169 1851 2196 oras

134 2232 306 2290 pilosa,
339 2241 499 2285 erecta,
531 2237 708 2277 virentia
728 2250 821 2277 cum
849 2238 1032 2294 margine
1062 2235 1161 2278 albo
1194 2237 1237 2279 &
1260 2236 1449 2293 hyalino.
1514 2234 1704 2278 Corollae
1736 2234 1847 2276 albae

146 2309 271 2352 tubus
299 2311 573 2368 cylindricus,
614 2313 875 2371 longitudine
909 2315 1079 2372 calycis.
1142 2313 1285 2356 Limbi
1315 2317 1536 2372 quadrifidi
1567 2317 1730 2357 laciniae
1762 2315 1849 2357 lan-

148 2389 349 2449 ceolatae,
382 2383 541 2442 acutae,
582 2394 885 2446 patentissimae.
946 2394 1185 2436 Filamenta
1218 2402 1424 2450 quatuor,
1468 2394 1708 2451 capillaria,
1742 2392 1844 2434 tubo

146 2468 322 2512 corollae
347 2473 510 2526 innata,
542 2480 627 2534 tam
659 2471 823 2528 brevia,
856 2481 900 2515 ut
932 2477 973 2515 in
1000 2473 1113 2530 spica
1144 2489 1228 2516 non
1261 2475 1577 2532 conspiciantur.
1640 2473 1844 2516 Antherae

567 2533 577 2538 f
997 2551 1036 2594 E
1068 2566 1092 2596 2
1629 2566 1788 2609 parvae,
