2436 3246
924 393 1113 443 DXLII.

227 556 590 605 GLADIOLUS
621 553 910 600 BICOLOR.
982 555 1142 600 leunb.
1166 549 1256 612 dg‘ffl
1271 569 1378 614 pag.
1407 556 1468 600 16.
1487 556 1574 601 tab.
1600 572 1636 602 2.

336 714 496 758 Crescit
523 715 576 757 ad
594 712 938 765 promontorium
960 712 1085 756 bonae
1107 712 1235 771 Spei3
1267 715 1422 756 florens
1447 715 1556 770 apud
1572 728 1648 756 nos
1665 713 1870 757 ,Ianuario

165 797 208 838 &
231 793 500 845 Februario3
530 800 645 834 totus
665 791 823 850 glaber.
881 790 1045 835 Bulbus
1077 792 1381 846 subrotundus,
1423 797 1574 835 tunicis
1603 794 1740 836 crassis
1771 797 1867 835 reti-

162 874 308 916 culatis
329 872 440 913 duris
463 871 506 913 &
527 869 753 913 imbricatis
777 878 931 922 tectus,
965 871 1044 913 [ine
1074 871 1137 914 his
1165 872 1239 928 pisi
1262 873 1556 930 magnitudine.
1620 872 1745 914 Folia
1775 873 1865 930 plu-

158 967 226 1003 ra,
258 949 448 1002 disticha,
481 948 738 1001 enfiformia,
786 950 953 991 acutula
973 984 985 1001 ,
1030 954 1316 1008 integerrima,
1359 953 1755 1004 lineatula,·nervo
1781 967 1864 1001 me-

158 1032 229 1072 dio
255 1033 448 1086 utrinque
472 1027 797 1086 protuberante,
830 1036 992 1080 erecta,
1028 1030 1158 1072 latere
1180 1031 1313 1072 altero
1336 1031 1424 1072 fiss'o
1450 1033 1689 1088 vaginantia
1711 1031 1754 1072 ὅ(
1779 1045 1865 1071 mu—

155 1116 232 1150 tuo
256 1109 561 1165 amplexantia,
594 1112 794 1164 maj0rem
816 1110 930 1166 scapi:
947 1117 1108 1166 partem
1137 1110 1186 1153 fic
1218 1111 1495 1164 includentia,
1528 1111 1721 1168 longiora
1752 1110 1866 1151 semi-

155 1188 326 1244 pedalia
350 1221 362 1240 ,
405 1190 446 1231 &
477 1190 571 1246 plus
604 1193 737 1232 minus
768 1190 1015 1232 semunciam
1058 1189 1155 1231 lata.
1228 1188 1389 1246 Scapus
1431 1191 1593 1247 pedalis
1619 1225 1631 1242 ,
1679 1198 1864 1242 erectus,

163 1267 399 1319 flexuosus,
432 1275 564 1319 teres,
598 1271 639 1309 in
665 1268 808 1309 nostris
828 1269 1050 1311 individuis
1073 1283 1148 1310 nec
1172 1268 1332 1311 striatus
1352 1284 1427 1311 nec
1453 1269 1697 1319 bisukatus,
1729 1269 1865 1325 super-

158 1362 208 1389 ne
230 1349 354 1388 flores
376 1361 522 1405 gerens
545 1347 693 1388 seffiles
716 1347 758 1388 &
780 1347 961 1388 alternos
985 1348 1095 1389 duos
1117 1356 1267 1391 tresve.
1331 1345 1506 1388 Summa
1526 1348 1610 1388 duo
1634 1347 1740 1388 folia
1767 1363 1867 1390 vere
1906 1348 1909 1352 ’

161 1428 327 1471 caulina
352 1429 466 1480 sunt,
498 1443 572 1470 nec
593 1443 644 1469 ex
669 1425 800 1468 bulbo
823 1429 1008 1467 oriuntur
1029 1442 1043 1480 3
1076 1442 1126 1468 ex
1150 1438 1327 1481 quorum
1354 1423 1489 1465 axillis
1520 1425 1677 1466 tardius
1708 1427 1865 1483 egredi--

156 1515 223 1549 tur
246 1508 503 1564 pedunculus
539 1509 743 1550 uniflorus
773 1506 969 1564 gracili—or
1002 1505 1042 1546 &
1079 1503 1323 1555 biuncialis,
1370 1507 1442 1560 qui
1470 1512 1608 1545 tamen
1637 1509 1678 1546 in
1714 1509 1866 1564 vagina

158 1584 251 1627 folii
277 1585 386 1641 saepe
412 1584 736 1637 suffocaturmut
758 1586 937 1625 eminere
969 1591 1164 1640 nequeat.
1226 1581 1388 1640 Spatha
1420 1582 1627 1636 bivalvis,
1660 1583 1861 1635 foai-losa,

158 1666 321 1704 cinerea
342 1678 434 1704 cum
454 1667 570 1707 venis
596 1663 938 1716 fuscescentibu's,
970 1663 1181 1719 superiore
1205 1661 1361 1704 ambitu
1386 1663 1725 1718 lacero-partita,
1758 1661 1858 1702 laci-

160 1745 239 1785 niis
273 1745 439 1794 acutis3
472 1745 678 1782 exteriore
710 1742 881 1785 valvula
916 1744 1272 1792 uni-acuminata,
1304 1741 1582 1797 ,amplexante
1618 1744 1860 1782 interiorem

154 1819 508 1869 bi-acuminatam.
572 1818 750 1862 Cor-olla
771 1823 948 1878 ringens,
982 1821 1267 1873 erectiuscula,
1300 1820 1471 1861 uncialis
1491 1819 1561 1862 vel
1584 1819 1860 1861 sescuncialis‚

157 1897 309 1942 Tubus
332 1901 384 1948 ad
405 1900 667 1941 altitudinem
690 1914 823 1955 usque
845 1898 1004 1956 spathae
1028 1898 1260 1951 filiformis,
1293 1900 1416 1956 supra
1441 1899 1547 1940 hanc
1578 1899 1799 1955 ampliatus
1823 1902 1864 1940 in

156 1978 320 2020 faucem
346 1977 685 2037 campanulatam
718 1978 760 2020 &
793 1993 1017 2034 parumper
1047 1981 1304 2021 incurvatam
1328 2013 1341 2032 ,
1383 1996 1434 2021 ex
1465 1980 1589 2024 viridi
1622 1978 1861 2021 flavescens.

156 2055 332 2099 Limbus
358 2056 558 2107 sexfidus,
592 2063 762 2112 patens,
796 2055 980 2110 obtusus,
1012 2057 1116 2100 tubo
1139 2056 1320 2101 brevior,
1383 2056 1558 2100 Lacinia
1583 2058 1737 2100 summa
1759 2072 1859 2100 ova-

158 2143 225 2187 ta,
258 2149 469 2188 concava,
502 2144 665 2189 erecta,
697 2137 870 2193 reliquis
904 2139 1035 2191 major
1069 2138 1287 2193 multoque
1308 2137 1433 2178 latior
1453 2170 1465 2188 ,
1508 2136 1758 2188 flavescens,
1800 2136 1859 2176 su-

160 2227 288 2271 perne
319 2213 759 2271 violaceo-purpurea.
851 2215 1072 2260 Laterales
1104 2218 1197 2259 duae
1219 2251 1231 2269 ,
1273 2219 1425 2273 prioris
1459 2216 1567 2257 latus
1597 2216 1861 2268 claudentes,

158 2294 249 2336 sunt
270 2291 495 2350 oblongae,
525 2295 813 2348 patentiffimae
829 2327 842 2347 ,
873 2296 1012 2348 flavae,
1045 2297 1098 2338 ad
1119 2310 1213 2338 oras
1236 2296 1408 2353 superne
1429 2296 1577 2339 leviter
1599 2297 1857 2339 convolutae,

157 2369 266 2413 Tres
294 2370 512 2412 inferiores
541 2371 795 2414 lanceolatae
817 2408 829 2426 ,
871 2378 1051 2418 minores
1069 2410 1093 2428 ‚a
1126 2376 1415 2432 patentissimae
1435 2410 1447 2428 ,
1489 2376 1648 2417 inferne
1679 2376 1731 2416 ad
1762 2388 1857 2416 oras

159 2451 425 2506 convolutae,
462 2454 585 2497 flavae
611 2467 625 2506 3
658 2468 831 2509 quarum
852 2455 1096 2497 intermedia
1118 2456 1250 2511 duplo
1274 2460 1406 2499 minus
1436 2456 1644 2514 profunde
1676 2457 1856 2510 partita²

943 2532 987 2576 D
1680 2540 1800 2576 extra
