2436 3246
1880 279 1927 323 81

227 416 314 445 rum
335 405 415 444 tria
437 401 597 443 alterna
620 400 752 442 multo
779 399 942 441 latiora.
1004 393 1208 437 Anth‘erae
1241 391 1462 450 oblongae,
1507 388 1817 442 incumbentes,
1849 389 1932 431 sor-

228 483 323 524 dide
348 481 615 523 ochroleucae
636 493 729 520 curn
757 476 919 533 polline
942 476 1070 517 flavo.
1135 469 1320 513 Germen
1354 468 1567 523 superum,
1610 465 1933 517 subrotunclum,

227 558 436 616 profunde
455 558 666 601 trilobum.
727 554 874 612 Stylus
896 553 1126 604 filiformis,
1159 548 1419 598 trisulcatuS‚
1451 553 1638 597 erectus,
1671 543 1813 596 albus,
1846 545 1935 586 lon-

226 640 417 698 gitudine
434 637 657 680 staminum.
717 631 878 691 Stigma
904 634 1156 688 capitatum,
1188 625 1471 675 subtrifidum,
1505 623 1769 680 papillosum.
1825 621 1934 678 Cap-

228 718 314 759 sula
337 716 516 768 triloba‚
545 714 823 765 obtufiss'ima,
854 711 938 754 bafi
974 710 1211 768 angustata,
1242 705 1522 757 trilocularis,
1562 702 1776 754 trivalvis2
1809 700 1936 743 fusce-

228 798 354 841 fcens.
415 794 585 838 Semina
604 809 765 851 pauca,
796 790 974 850 rugosa,
1005 788 1171 839 scabra,
1204 788 1336 844 nigra.

289 1111 809 1157 ORNITHOGALUM
839 1108 1263 1154 PARADOXUM.
1336 1108 1440 1153 Ταῦ,
1465 1123 1500 1152 1,

402 1269 579 1313 Tubera
612 1286 662 1312 ex
691 1268 994 1313 Promontorio
1030 1268 1157 1311 bonae
1192 1267 1295 1325 Spei
1323 1268 1447 1324 plura
1487 1263 1718 1308 transmissa
1747 1261 1939 1313 fuerant,

231 1365 327 1407 quae
351 1353 576 1406 quotannis
597 1347 837 1393 Novembri
855 1348 1085 1391 cauliculos
1107 1346 1354 1389 emittebant
1374 1345 1577 1395 foliosos,
1610 1348 1652 1386 in
1684 1340 1835 1398 quibus
1854 1339 1938 1381 fru-

229 1428 305 1471 stra
328 1427 670 1484 exspectabamus
701 1431 826 1470 flores
842 1462 855 1481 ,
885 1427 978 1484 post
1012 1426 1178 1483 aliquot
1205 1425 1493 1468 hebdomadas
1517 1426 1667 1465 iterum
1688 1419 1936 1463 emarcidos.

229 1505 424 1550 Tandem
448 1506 539 1564 post
561 1515 642 1549 tres
669 1522 827 1560 annos,
862 1507 1041 1564 egress'os
1071 1521 1124 1547 ex
1154 1504 1284 1547 tribus
1323 1505 1418 1547 ollis
1440 1505 1620 1547 vidimus
1647 1502 1796 1557 scapos
1829 1501 1962 1545 flori·¹

227 1599 353 1643 geros
384 1584 620 1641 aphyllos>
664 1599 777 1641 quos
811 1585 864 1627 ad
895 1586 1042 1627 eadem
1081 1584 1386 1627 cauliculorum
1423 1581 1575 1626 tubera
1610 1583 1823 1637 pertinere
1861 1590 1947 1617 non

231 1666 348 1722 poss'e
371 1664 667 1718 credebamus,
701 1667 744 1708 &
769 1665 865 1707 hinc
884 1672 955 1707 aut
979 1664 1087 1705 ollas
1108 1663 1186 1704 effe
1216 1662 1342 1713 alias,
1374 1667 1446 1702 aut
1466 1658 1616 1701 tubera
1647 1658 1727 1698 effe
1757 1655 1841 1697 alia
1868 1657 1940 1694 im-

228 1745 357 1783 mixta
385 1741 612 1798 prioribus.
674 1742 737 1784 At
766 1757 869 1787 vero
900 1741 1175 1799 posteaquam
1205 1739 1251 1781 hi
1288 1738 1403 1794 scapi
1431 1737 1510 1778 fine
1539 1735 1678 1777 fructu
1707 1736 1940 1790 perierant,

229 1831 325 1864 tunc
352 1822 517 1863 demum
541 1837 592 1862 ex
617 1822 765 1862 iisdem
794 1819 1011 1863 tuberibus
1040 1822 1153 1862 enati
1180 1818 1301 1874 supra
1332 1817 1434 1858 dicti
1462 1814 1660 1857 cauliculi
1681 1812 1833 1854 steriles
1864 1825 1943 1852 nos

233 1901 496 1954 docuerunt,
529 1902 705 1944 eandem
740 1902 926 1958 plantam
958 1901 1062 1952 effe,
1096 1897 1139 1939 &
1170 1895 1412 1938 obtulerunt
1442 1888 1793 1951 fingulariffimum
1821 1904 1945 1947 vege-

232 1980 348 2021 tandi
377 1979 562 2020 modum.
622 1978 772 2021 Floret
801 1993 900 2021 raro
940 1972 1055 2035 apiid
1093 1991 1171 2019 nos
1199 1973 1439 2032 Septembri
1469 1974 1512 2015 <Sc
1547 1969 1742 2020 Octobri.
1801 1968 1943 2012 Radix

231 2059 354 2102 tuber
375 2060 614 2112 carnosum,
647 2059 864 2111 difforme,
897 2061 1061 2113 unciam
1095 2064 1166 2098 aut
1202 2055 1311 2096 ultra
1342 2054 1540 2105 crassum,
1582 2052 1762 2104 fuscum,
1794 2064 1939 2107 peren·
1968 2046 1979 2051 χ

229 2153 303 2189 ne,
334 2136 644 2179 fibras'albidas
674 2153 724 2179 ex
745 2136 1080 2179 circumferentia
1114 2139 1156 2177 in
1192 2143 1345 2177 terram
1378 2135 1613 2176 demittens.
1677 2129 1822 2173 Caulis
1851 2128 1941 2169 her-

230 2219 411 2270 baeeus,
444 2217 611 2270 sterilis,
655 2233 680 2259 a
711 2216 842 2259 tribus
879 2217 931 2258 ad
968 2218 1152 2272 quinque
1185 2216 1327 2255 uncias
1361 2212 1537 2270 longus,
1571 2218 1758 2262 erectus,
1790 2223 1941 2266 pennae

233 2295 486 2340 columbinae
521 2298 719 2349 crassitie,
752 2311 834 2338 una
869 2310 962 2337 cum
982 2294 1100 2336 foliis
1124 2294 1288 2336 lanatus
1321 2293 1418 2350 pilis
1449 2289 1647 2333 mollibus
1678 2287 1939 2343 albidisque,

233 2375 317 2419 basi
337 2374 483 2428 ruber,
516 2384 711 2418 caeterum
732 2376 902 2426 viridis3
932 2372 1092 2415 inferne
1122 2379 1293 2413 ornatus
1329 2368 1490 2411 foliolo
1519 2368 1590 2411 vel
1621 2367 1771 2424 stipula
1801 2364 1940 2407 subro-

231 2455 360 2498 tunda
386 2489 398 2509 ,
440 2457 703 2513 integerrima
732 2453 801 2498 vel
838 2457 1091 2512 emarginata
1111 2484 1124 2503 ‚
1164 2449 1459 2507 amplexicauli
1480 2482 1494 2502 ,
1539 2449 1666 2491 crassa
1686 2481 1699 2500 ,
1739 2446 1939 2504 rigidula,

1004 2529 1044 2573 L
1736 2532 1879 2583 paten-
