2436 3246
1848 280 1928 324 ως)

238 391 381 430 ciceris
396 421 408 440 ,
439 386 732 440 fuscescentes,
764 386 896 444 pulpa
917 400 1054 442 pauca
1072 385 1192 428 molli
1216 386 1259 429 &
1281 386 1412 430 fatua.
1472 385 1641 430 Semina
1664 384 1926 428 bilocularia.

231 465 291 508 Et
318 467 402 509 alia
428 470 603 525 generis.
664 465 823 508 Differt
852 481 876 507 a
904 465 1182 508 Volkameria
1213 468 1380 517 inermi,
1421 463 1643 508 villofitate
1671 463 1927 520 petiolorum

229 546 564 601 pedunculorum
585 546 629 588 ὅτ
648 545 831 602 calycis,
864 542 1070 587 brevitate
1092 544 1184 589 tubi
1204 545 1378 588 corollae
1393 579 1404 599 ,
1435 552 1523 587 tum
1551 545 1681 603 figura
1705 543 1921 593 fohorum„

224 624 267 665 c&
287 624 594 667 filamentorum
623 624 779 665 colore.

920 778 1225 825 DCXXXIV.

217 936 528 982 DURANTA
557 938 876 984 PLUMIERI.
939 939 1189 999 Humspst.
1211 955 1318 999 pag.
1347 953 1446 998 577.
1507 939 1629 998 Jacq.
1656 952 1790 983 amer.
1809 953 1914 998 pag.

390 1017 483 1070 136.
505 1018 593 1062 tab.
624 1019 814 1077 176.fig.
840 1018 904 1071 76.

215 1094 417 1139 Castorea
441 1098 677 1151 racemosa,
710 1100 815 1140 flore
839 1099 1046 1151 caeruleo,
1078 1098 1215 1141 fructu
1239 1111 1394 1141 amaro.
1458 1096 1599 1140 Plum.
1620 1097 1673 1140 ic.
1702 1095 1789 1140 tab.
1818 1110 1886 1153 79.

385 1250 544 1297 Crescit
576 1257 617 1297 in
637 1254 846 1299 fruticetis
871 1257 913 1299 &
935 1259 976 1298 in
997 1253 1161 1313 sepibus
1195 1259 1237 1298 in
1261 1255 1391 1299 insula
1418 1253 1504 1298 San
1530 1252 1764 1313 DomingO.
1825 1252 1914 1295 De-

209 1335 474 1391 scriptionem
493 1333 613 1388 hujus
643 1333 775 1391 stirpis
798 1335 896 1376 dedi
917 1334 1013 1377 satis
1036 1334 1220 1391 amplam
1240 1334 1339 1377 loco
1363 1337 1509 1376 citato.
1571 1330 1680 1375 Cum
1701 1339 1824 1375 antea
1846 1333 1915 1375 de-

209 1413 351 1455 deram
375 1414 548 1471 figuram
567 1412 779 1456 Durantae
796 1413 973 1466 Eumae,
1005 1414 1126 1458 volui
1145 1417 1273 1457 etiam
1292 1415 1515 1473 adjungere
1542 1415 1584 1455 in
1604 1411 1802 1456 Iconibus
1822 1411 1914 1454 Du-

209 1500 372 1535 rantam
389 1490 612 1546 Plumieri,
645 1508 742 1549 quae
766 1496 808 1535 in
833 1493 1027 1535 caldariis
1046 1485 1186 1538 'floret
1216 1495 1259 1537 δι
1284 1494 1493 1537 fructescit
1526 1508 1619 1535 cum
1648 1495 1802 1550 priore.
1864 1490 1913 1533 In

212 1572 293 1615 hac
316 1579 454 1615 autem
478 1572 590 1614 culta
611 1587 826 1629 nunquam
852 1573 1088 1615 adhucdum
1121 1572 1238 1629 spina
1264 1569 1484 1615 observata
1517 1569 1609 1613 fuit.
1672 1567 1845 1626 Calycis
1870 1570 1913 1611 in

205 1650 342 1694 fructu
365 1651 609 1709 perfistentis
635 1652 847 1697 diversitas
870 1655 912 1695 in
936 1661 1114 1710 utraque
1135 1650 1269 1707 specie
1299 1648 1618 1691 constantissima
1640 1646 1696 1689 est
1713 1661 1728 1700 3
1760 1647 1804 1689 &
1837 1644 1910 1688 ha-

204 1729 277 1772 bet
300 1733 424 1772 etiam
444 1734 660 1787 utriusque
691 1730 859 1775 habitus
893 1732 1079 1789 aliquid,
1113 1744 1199 1786 quo
1234 1743 1334 1771 mox
1364 1728 1591 1786 distinguo,
1624 1727 1742 1784 quod
1768 1733 1909 1767 tamen

202 1807 343 1851 verbis
366 1811 597 1865 exprimere
623 1823 791 1865 nequeo
813 1824 827 1862 3
861 1817 906 1851 ut
925 1824 1009 1852 non
1037 1809 1229 1852 ass'entiar
1258 1806 1479 1849 Botanicis
1512 1805 1618 1859 illis,
1651 1809 1724 1863 qui
1755 1813 1906 1848 utram-

204 1903 287 1945 que
309 1903 388 1945 pro
420 1903 503 1932 una
536 1889 769 1945 eademque
807 1889 943 1945 specie
974 1887 1143 1931 habent.
1208 1885 1315 1931 Cum
1348 1900 1423 1928 nec
1452 1884 1582 1937 hanc,
1616 1898 1692 1926 nec
1728 1883 1906 1926 alteram

200 1983 386 2026 unquam
416 1969 593 2013 viderim
633 1976 850 2026 repentem
872 2003 884 2022 ,
924 1966 1128 2011 Plumieri
1157 1965 1438 2024 synonymum
1478 1963 1690 2007 Castoreae
1719 1966 1902 2021 repentis

200 2048 388 2104 spinosae,
418 2052 642 2108 incognitae
661 2049 762 2092 mihi
775 2049 947 2107 plantae,
970 2047 1100 2090 omifi.
1158 2045 1294 2100 Hujus
1315 2045 1523 2099 Durantae
1541 2044 1723 2087 ramulus
1744 2047 1786 2086 in
1805 2044 1897 2086 Ico-

199 2125 320 2168 nibus
344 2127 580 2185 depingitur
599 2128 828 2186 pendulus,
862 2132 904 2172 in
938 2128 1082 2171 Ellifia
1113 2134 1307 2179 erectus3
1339 2132 1560 2181 utrumque
1591 2127 1700 2166 enim
1731 2126 1898 2179 utrique

204 2207 423 2252 commune
444 2205 513 2250 est.

1560 2508 1835 2556 DCXXXV.
