2436 3246
504 284 558 324 40

1262 388 1454 433 DLVII.

566 545 805 594 DRIMIA
837 546 1064 592 MEDIA.
1138 545 1238 591 Tab.
1257 562 1300 606 5.
1306 548 1393 606 fig.
1419 560 1460 601 4.

689 707 848 752 Crescit
869 708 923 751 ad
944 704 1293 750 Promontorium
1313 704 1438 750 bonae
1456 706 1573 766 Spei.
1635 705 1787 750 Floret
1808 705 1921 764 apud
1942 719 2020 750 nos
2037 703 2230 764 Septem-

513 789 589 834 bri.
654 788 773 833 Tota
803 789 952 850 glabra
983 789 1051 833 est.
1123 786 1297 835 {Bulbus
1331 803 1383 830 ex
1415 795 1548 832 ovato
1579 785 1891 840 subrotundus,
1931 790 2140 829 tunicatus
2179 801 2231 828 ex

509 872 694 929 squamis
723 871 862 913 craffis
893 870 1088 926 quidem,
1119 876 1262 911 tamen
1292 867 1398 911 foris
1423 865 1674 925 aequabilis,
1707 882 1759 908 ex
1790 880 2005 924 purpureo
2035 866 2152 909 fusco
2176 869 2232 909 ci-

509 966 725 1008 nereoque
748 953 903 1004 varius,
936 950 1131 992 diametri
1152 948 1400 1002 biuncialis,
1432 948 1546 991 fibris
1579 949 1717 990 craffis
1751 948 1985 999 radicatus,
2019 947 2139 989 laesus
2172 947 2232 989 di-

510 1036 677 1075 mittens
700 1032 862 1075 succum
891 1032 1109 1089 copiosum
1128 1035 1321 1087 jaqueum
1359 1030 1402 1071 &
1432 1036 1622 1071 urentem
1654 1031 1795 1071 cutim.
1858 1028 1987 1071 Folia
2015 1029 2196 1086 plurima
2219 1062 2233 1082 7

511 1110 996 1164 subulato-semiteretia,
1028 1110 1179 1152 leniter
1208 1109 1510 1162 canaliculata,
1543 1116 1694 1162 acuta,
1727 1108 2024 1162 erecssuscula,
2057 1109 2233 1166 superne

509 1190 681 1248 patula,
712 1190 809 1247 plus
831 1192 966 1231 minus
992 1188 1165 1246 pedalia
1183 1222 1196 1241 ,
1226 1189 1279 1230 ad
1302 1188 1456 1232 lentem
1479 1192 1637 1231 minute
1665 1189 1927 1246 punctatula.
1988 1188 2153 1248 Scapus
2175 1197 2235 1232 at-

511 1270 702 1323 tollitur,
734 1270 832 1312 dum
854 1269 962 1311 folia
982 1271 1067 1323 jam
1099 1268 1191 1311 sunt
1219 1271 1262 1311 in
1294 1277 1449 1328 vegeto
1480 1269 1610 1323 statu,
1652 1270 1836 1312 axillaris
1857 1303 1872 1322 „
1911 1284 1989 1312 nec
2024 1270 2235 1323 lateralis,

513 1350 632 1394 foliis
655 1350 788 1408 paulo
816 1350 964 1403 altior,
996 1357 1130 1402 teres,
1163 1363 1344 1406 pennam
1369 1349 1654 1393 columbinam
1677 1351 1856 1398 erastus,
1888 1356 2065 1402 enectus,
2099 1352 2236 1391 termi-

514 1439 637 1474 natus
661 1434 704 1473 in
725 1445 936 1473 racemum
961 1429 1238 1487 cylindricum
1258 1430 1301 1472 &
1324 1431 1493 1472 tandem
1524 1430 1835 1488 semipedalem.
1897 1429 2136 1474 Pedunculi
2164 1445 2237 1473 nu-

515 1511 662 1555 merosi
684 1510 800 1568 (fere
823 1507 1156 1571 quadraginta),
1189 1513 1262 1555 vix
1285 1509 1556 1553 semunciales
1571 1545 1584 1565 ‚
1617 1514 1911 1569 patentiffimi,
1943 1512 2101 1554 suffulti
2121 1510 2236 1554 brac-

514 1591 633 1633 teola
664 1592 927 1647 lanceolata,
960 1600 1109 1646 acuta,
1141 1579 1319 1634 scar'iosa
1341 1591 1385 1633 &
1409 1597 1598 1648 patente.
1661 1589 1703 1632 F
1703 1591 1814 1634 lores
1835 1591 2019 1633 Inodori.
2085 1588 2238 1633 Corol-

515 1671 571 1713 lae
592 1670 717 1714 tubus
737 1675 872 1727 viret3
903 1673 1068 1716 laciniae
1090 1673 1182 1715 funt
1204 1670 1361 1715 albidae
1394 1672 1438 1714 &
1469 1673 1590 1728 apice
1613 1685 1840 1728 parumper
1870 1684 2086 1714 concavae.
2149 1669 2237 1713 An-

517 1752 649 1795 therae
673 1752 836 1794 sordide
863 1768 915 1795 ex
953 1755 1069 1797 flavo
1094 1732 1364 1795 fuscescunts
1402 1749 1591 1795 Germen
1628 1755 1751 1795 viret.
1815 1750 2046 1793 Character
2077 1753 2236 1809 generi-

522 1847 595 1875 cus
620 1832 864 1874 adamuss'im
888 1837 1087 1877 convenit
1114 1847 1208 1875 cum
1224 1832 1393 1875 Drimia
1418 1833 1543 1875 elata.
1608 1829 1792 1889 Capsula
1820 1829 2030 1889 oblonga,
2062 1830 2238 1887 superne

521 1911 653 1969 paulo
681 1911 886 1969 amplior,
919 1909 1196 1966 obtufiffima‚
1230 1927 1281 1954 ex
1314 1911 1432 1958 fusco
1462 1912 1741 1965 cinerascens,
1772 1909 1943 1970 glabra,
1976 1918 2136 1963 erecta,
2168 1913 2239 1952 tri-

523 1990 746 2043 locularis‚
779 1989 982 2034 trivalvis.
1044 1988 1214 2035 Semina
1241 1992 1331 2035 fere
1361 1993 1569 2047 solitaria,
1602 1990 1813 2050 oblonga,
1846 1992 2114 2050 nigricantia,
2147 1988 2241 2031 lon=

525 2070 713 2129 gitudine
733 2070 1028 2127 loculamenti,
1059 2076 1102 2117 in
1123 2086 1211 2130 quo
1234 2072 1336 2116 stant
1358 2079 1512 2116 erecta.

1786 2535 1787 2539 ’
1834 2574 1855 2589 ,
1963 2534 2180 2581 DLVHI.
