2436 3246
525 278 580 330 36

521 396 718 455 pedalem
739 395 867 453 ipsum
894 394 937 437 ὅτ
958 394 1202 440 flexuosum.
1269 392 1478 438 Pedicelli
1498 394 1838 448 numerosiffimi,
1871 398 2060 449 unissori,
2092 406 2238 455 paten-

523 486 608 531 tes,
640 474 931 527 semunciales,
963 472 1182 516 bracteola
1197 473 1357 516 suffulti
1377 479 1535 518 minuta
1561 477 1604 519 ὅτ
1638 476 1826 518 scariosa.
1887 473 2041 518 Petala
2064 476 2154 518 sunt
2176 477 2234 518 lu-

522 566 593 598 tea
612 571 705 599 cum
729 556 840 598 linea
860 555 1155 614 longitudinali
1177 556 1316 598 media
1357 558 1540 608 virente,
1574 557 1771 610 acutula,
1811 557 2093 614 patentissima
2113 571 2128 609 3
2162 559 2240 598 tria

524 639 687 681 alterna
717 643 847 680 ovata
876 636 919 677 &
943 633 1076 691 duplo
1108 634 1260 676 latiora
1290 628 1421 677 tribus
1456 635 1628 692 reliquis
1668 636 1929 679 lanceolatis.
1998 636 2035 678 F
2038 637 2239 680 ilamenta

525 721 666 760 omnia
687 715 830 760 albida
863 712 1037 757 barbam
1067 722 1216 772 gerunt
1247 714 1529 772 sulphuream.
1594 713 1780 758 Ger-men
1811 719 1931 758 viret.
1998 715 2146 774 Stylus
2181 719 2237 760 al-

525 799 670 841 bescit.

1314 951 1438 997 DCI.

581 1072 1007 1118 ANTHERICUM
1039 1071 1260 1116 NUTAN
1264 1071 1306 1116 S.

698 1192 765 1235 Ex
785 1189 1091 1234 Promontorio
1112 1190 1239 1233 bonae
1259 1189 1374 1248 Spei.
1437 1191 1588 1234 Floret
1608 1194 1721 1250 apud
1747 1207 1824 1235 nos
1847 1192 2052 1251 Augusto.
2103 1192 2246 1236 Radix

520 1275 718 1332 perennis
755 1272 800 1314 &
819 1270 1063 1314 fasciculata
1086 1271 1244 1314 constat
1271 1287 1323 1314 ex
1348 1268 1566 1312 tuberibus
1596 1271 1810 1328 pluribus,
1842 1272 2069 1327 teretibus,
2101 1289 2245 1317 carno-

528 1352 599 1403 fis,
632 1351 805 1409 digitum
828 1351 987 1402 crassis,
1019 1350 1073 1392 ad
1093 1350 1345 1407 semipedem
1377 1350 1536 1409 longis,
1568 1351 1732 1393 sordide
1762 1351 2098 1396 flavescentibus.
2159 1353 2197 1395 F
2201 1368 2246 1396 o-

523 1433 584 1474 lia
612 1431 816 1474 radicalia
836 1431 986 1488 plura,
1017 1430 1113 1488 plus
1137 1433 1272 1472 minus
1304 1422 1569 1484 enfiformia‚
1601 1433 1753 1489 plana,
1796 1436 2061 1485 acuminata,
2092 1432 2246 1490 pulpo-

525 1511 590 1564 sa‚
623 1510 822 1562 craffula,
854 1510 1011 1562 nitida,
1044 1509 1097 1551 ad
1119 1523 1216 1551 oras
1240 1525 1320 1567 per
1343 1510 1500 1554 lentem
1531 1513 1751 1556 denticulis
1775 1513 1927 1557 albidis
1959 1514 2152 1556 aculeata
2173 1515 2247 1555 mi-

526 1594 648 1633 nimis
676 1591 719 1632 ὅτ
748 1593 821 1633 vix
844 1590 897 1630 ad
919 1595 1077 1631 tactum
1098 1587 1474 1646 perceptibilibus,
1507 1598 1704 1633 caeterum
1725 1590 1897 1650 glabra,
1930 1591 2071 1634 subtus
2097 1606 2248 1637 nervo-

531 1671 570 1712 se
595 1670 753 1712 lineata
771 1702 784 1721 ,
817 1684 842 1711 a
867 1676 1050 1725 quatuor
1071 1669 1125 1710 ad
1148 1676 1249 1710 octo
1276 1671 1418 1711 uncias
1455 1667 1607 1728 longa,
1639 1671 1856 1713 dimidiam
1881 1672 1952 1714 vel
1981 1675 2052 1715 vix
2080 1676 2246 1715 unciam

530 1751 636 1792 lata.
693 1746 856 1804 Scapus
889 1763 941 1788 ex
971 1755 1118 1789 centro
1153 1746 1498 1789 foliorumreres
1518 1782 1531 1800 ,
1570 1763 1722 1805 pennae
1755 1748 2008 1791 columbinae
2046 1750 2246 1802 crassitie,

533 1828 869 1885 {implicisl'imUS,
904 1834 1089 1879 erectus,
1120 1826 1449 1884 sesquipedaliS,
1492 1828 1614 1884 supra
1641 1827 1825 1868 medium
1856 1828 2109 1870 racemosus.
2168 1826 2247 1871 Pe-

534 1907 676 1951 dicelli
700 1909 869 1949 unissori
891 1940 903 1960 ,
944 1907 1215 1949 semunciales
1235 1941 1249 1960 ,
1290 1889 1582 1964 patentissimiss
1621 1903 1850 1946 bracteolis
1880 1907 2048 1946 minutis
2078 1905 2247 1948 suffulti.

535 1988 711 2032 Racemi
732 2002 841 2044 apex
862 2002 954 2029 cum
974 1986 1223 2043 pedunculis
1246 1987 1423 2028 necdum
1444 1986 1652 2044 elongatis
1671 1984 1832 2041 semper
1852 1991 1994 2036 nutat,
2026 1987 2113 2026 imo
2135 1985 2248 2042 saepe

539 2071 709 2111 omnino
732 2068 786 2110 ad
806 2067 975 2125 scapum
1005 2082 1140 2124 usque
1174 2069 1417 2110 reflectitur.
1479 2064 1632 2107 Flores
1665 2063 1847 2105 inodori.
1908 2059 2062 2103 Petala
2095 2061 2245 2105 oblon-

537 2164 614 2206 ga,
647 2146 819 2199 obtusa,
851 2147 1025 2203 superne
1046 2161 1272 2203 parumper
1292 2160 1506 2198 concava,
1547 2144 1855 2201 patentissima,
1896 2142 2121 2199 sulphurea
2154 2159 2248 2186 cum

536 2228 698 2271 lineola
725 2227 864 2269 media
895 2225 1137 2270 virescente.
1212 2224 1452 2268 Filamenta
1491 2229 1633 2267 omnia
1675 2223 1884 2277 barbata,
1931 2224 2084 2281 petalis
2118 2225 2250 2281 paulo

539 2307 761 2360 breviora,
802 2306 1034 2362 iisdemque
1066 2312 1158 2346 tota
1195 2312 1353 2361 quanta
1383 2304 1642 2347 concoloria.
1702 2303 1907 2346 Antherae
1937 2303 2077 2345 luteae.
2143 2301 2250 2346 Ger-

542 2386 984 2445 menbsubrotundum.
1045 2384 1193 2442 Stylus
1224 2383 1431 2428 flliformis
1453 2419 1464 2439 ,
1517 2392 1679 2428 erectus
1706 2418 1719 2439 ,
1768 2384 1991 2427 filamentis
2031 2384 2248 2427 concolor.

539 2467 701 2528 Stigma
722 2468 914 2525 simplex,
948 2464 1154 2529 obtusum.

2041 2541 2191 2592 Dcn.
2269 2603 2272 2606 Α
