2436 3246
581 335 663 377 144

580 441 664 485 five
693 439 954 497 pedunculus
986 437 1241 490 terminalis,
1284 436 1460 491 debilis,
1506 433 1828 486 ereetmscul'us,
1860 431 2019 476 inferne
2048 436 2178 492 magis
2218 433 2295 476 acL

577 520 799 573 scendens,
831 519 1018 576 pedalis,
1050 517 1251 570 hirsutus,
1283 525 1417 569 teres,
1450 516 1784 572 simplicissimus,
1817 529 1893 556 nec
1924 517 1984 556 uti
2014 516 2056 555 in
2086 511 2294 571 Pelargo-

578 603 652 642 nio
675 599 776 641 tristi
804 598 979 651 bifidus,
1012 596 1197 640 umbella
1225 600 1348 639 unica
1377 602 1517 638 erecta
1544 596 1810 644 terminatus,
1844 591 2057 648 aphyllus.
2118 590 2291 634 Involu-

580 682 639 722 cri
660 678 814 721 foliola
834 678 928 735 plus
951 679 1084 718 minus
1110 676 1278 727 decem,
1309 674 1574 725 lanceolata,
1616 679 1768 724 acuta,
1811 670 1945 723 hirta,
1986 669 2147 727 patula.
2210 667 2295 712 Pe-

581 757 723 799 dicelli
743 756 839 813 plus
864 759 998 796 minus
1019 754 1200 811 septem,
1233 754 1443 806 unciales,
1485 750 1776 809 subangulati,
1807 748 1929 799 hirti,
1968 749 2020 790 ad
2055 746 2168 789 bafin
2203 746 2293 790 fere

578 851 715 892 usque
742 835 989 886 cuniculati,
1030 833 1119 875 fere
1152 833 1440 875 sescunciales.
1501 829 1652 872 Flores
1687 830 1866 871 interdiu
1896 829 2086 880 inodori,
2118 827 2295 884 vespera

582 916 626 957 &
647 922 774 957 noctu
805 914 981 956 odorem
1022 911 1258 970 Hyacinthi
1285 911 1555 970 gratissimum
1585 908 1752 965 spirant.
1816 905 1989 963 Calycis
2019 907 2290 964 pentaphylli

579 996 734 1037 foliola
761 995 851 1037 sunt
874 995 1139 1046 lanceolata,
1172 1001 1320 1044 acuta,
1351 991 1483 1044 hirta,
1518 993 1658 1032 omnia
1682 990 1852 1030 reflexa.
1913 985 2065 1030 Petala
2089 991 2290 1044 quinque,

582 1073 758 1119 obverse
778 1082 932 1127 ovata,
966 1073 1138 1127 obtusa,
1171 1073 1317 1129 calyce
1342 1071 1474 1126 duplo
1497 1069 1715 1127 longiora,
1748 1084 1800 1110 ex
1831 1083 1965 1126 ungue
1989 1069 2160 1127 angusto
2184 1077 2299 1121 orta,

582 1158 723 1197 omnia
754 1170 806 1196 ex
846 1154 1071 1211 sulphureo
1109 1153 1270 1210 pallida
1306 1166 1400 1192 cum
1427 1148 1575 1190 suffusa
1611 1147 1801 1191 obsoleta
1830 1165 2040 1205 purpura,
2081 1153 2123 1191 in
2152 1151 2293 1192 medio

581 1231 745 1275 duabus
767 1231 867 1274 striis
886 1229 1020 1273 rubris
1039 1230 1248 1289 infignita,
1280 1231 1423 1285 iisque·
1440 1230 1522 1270 tria
1548 1227 1752 1271 inferiora
1780 1229 1913 1269 multo
1950 1228 2293 1282 saturatioribus3

581 1311 667 1353 duo
701 1310 918 1367 superiora
955 1309 1088 1365 duplo
1116 1309 1300 1360 latiora,
1340 1309 1799 1365 reflexo-patentissima
1822 1323 1837 1361 3
1883 1310 1962 1350 tria
1992 1307 2194 1352 inferiora
2230 1327 2292 1353 re-

581 1389 915 1446 flexo-pendula.
977 1387 1217 1430 Filamenta
1239 1389 1411 1440 decem,
1444 1387 1556 1441 alba,
1589 1387 1672 1431 baii
1696 1397 1879 1432 connata
1891 1404 1906 1443 3
1939 1403 2116 1446 quorum
2138 1389 2302 1446 septem·

581 1466 849 1509 antherifera.
912 1462 1099 1507 Germen
1120 1464 1376 1525 oblongum,
1406 1465 1623 1512 hirsutum,
1680 1467 1828 1526 Stylus
1863 1470 1906 1512 ὅτ
1930 1469 2071 1528 stigma
2091 1472 2304 1527 quinque-

579 1546 713 1589 fidum
733 1546 823 1588 sunt
839 1546 1083 1603 sulphurea.

1331 1702 1550 1748 DCLVI„

639 1856 1108 1902 PELARGONIUM
1138 1857 1404 1902 HIRTUM..

643 1934 876 1980 Geranium
902 1936 1075 1978 hirtumt
1129 1935 1280 1979 Burm.
1295 1952 1391 1995 ger?
1409 1951 1519 1996 pag.
1546 1943 1616 1990 48.
1648 1936 1743 1981 tab..
1771 1952 1812 1982 1·.,
1877 1937 2037 1983 Cavcm.
2070 1940 2162 1999 d'ff
2187 1958 2303 2002 pag..

759 2021 856 2074 258.
880 2029 993 2059 num.
1015 2029 1116 2074 379.
1136 2015 1225 2059 tab.
1253 2016 1438 2075 117.fig.
1465 2032 1507 2059 1.v

758 2172 827 2216 Ex
845 2170 1150 2215 Promontorio
1172 2171 1298 2216 bonae
1319 2173 1435 2231 Spei.
1495 2174 1629 2232 Apud
1648 2189 1727 2218 nos
1751 2176 1876 2217 floret
1899 2174 2065 2219 Martio
2097 2176 2142 2219 ὅτ
2168 2176 2305 2234 ΑΡΥἰ-7

584 2254 628 2297 Η.
691 2251 815 2295 Odor
834 2266 1015 2308 paucUS,
1047 2254 1246 2309 ingratus.
1304 2252 1446 2296 Radix
1476 2262 1586 2297 teres
1610 2288 1623 2308 ,
1665 2255 1839 2314 digitum
1872 2257 2087 2296 minimum
2119 2256 2271 2298 crassus
2284 2288 2306 2309 ,.

585 2331 861 2388 semipedalis.
923 2327 1068 2372 Caulis
1089 2329 1392 2387 procumbens,
1426 2333 1657 2387 tortuosus,
1699 2334 1946 2389 fruticosus,
1986 2336 2194 2388 ramosus,
2236 2337 2296 2378 di-

585 2414 717 2470 gitum
736 2413 949 2452 minimum
972 2411 1145 2464 crassus,
1176 2410 1335 2465 fuscus,
1367 2411 1632 2456 cicatricibus
1663 2412 1866 2456 foliorum
1896 2417 2207 2471 praeteritorum
2238 2415 2305 2454 in·-

587 2491 747 2535 duratis
774 2491 1066 2550 exaspera-tm,
1107 2494 1246 2547 junior
1277 2492 1473 2536 carnosus
1518 2494 1561 2536 &
1592 2493 1781 2538 hirsutus.
1843 2492 1977 2537 Tales
2017 2496 2141 2535 etiam
2169 2493 2272 2532 rami
2283 2523 2305 2544 ,‚

2038 2572 2241 2614 florentes
