2436 3246
1830 329 1908 374 103

204 438 319 496 gusto
342 439 394 480 ad
418 435 670 490 Octobrim3
703 436 912 479 fructescit
934 438 974 477 in
1004 435 1210 491 tepidario
1234 432 1416 476 Octobri
1441 435 1484 477 ὅτ
1506 431 1754 479 Novembri.
1816 432 1904 477 To=

204 525 290 559 tum
312 517 502 576 glabrum
525 517 592 559 est.
653 515 829 558 Bulbilli
859 516 998 565 ovati‚
1031 511 1137 564 albi,
1170 527 1274 554 nuce
1305 513 1498 556 avellana
1530 517 1733 565 minores,
1765 528 1906 570 aggre-

198 599 306 653 gati,
339 599 379 636 in
403 596 513 637 senio
537 597 635 636 tecti
656 596 735 634 toti
758 592 850 633 setis
872 590 1094 633 numerofis
1118 591 1306 648 rigidulis
1332 592 1375 633 &
1394 591 1650 650 ferrugineis.
1713 591 1778 633 Ex
1799 606 1903 648 quo-2

199 673 305 717 libet
330 673 509 716 bulbillo
530 673 679 715 folium
699 672 882 713 radicale
909 671 1118 728 egreditur
1138 674 1301 713 unicum
1317 705 1329 723 ,
1361 670 1580 722 filiforme,
1613 678 1805 721 acutum,
1837 670 1900 711 so-

201 752 353 805 lidum,
388 754 510 794 dorso
535 767 794 804 convexum,
834 751 944 794 facie
981 752 1202 803 sulcatum,
1244 757 1449 802 erectum,
1483 750 1536 791 ad
1564 749 1718 791 lentem
1746 749 1901 791 striatu-

196 831 303 884 lum,
336 832 429 887 plus
452 834 583 873 minus
610 839 793 887 quatuor
815 835 957 874 uncias
984 831 1175 889 longum,
1209 828 1291 871 basi
1313 843 1393 870 una
1424 843 1514 870 cum
1546 829 1671 885 scapo
1702 828 1900 871 inclusum

193 914 356 969 vaginae
379 910 539 955 bivalvi
564 910 682 954 brevi
706 902 954 967 striati-eque.
1015 908 1177 966 Scapus
1210 909 1368 960 nudus,
1407 915 1539 960 teres,
1580 909 1770 966 gracilis,
1795 922 1898 950 -non

191 989 515 1041 canaliculatus,
548 997 734 1041 erectus,
765 1005 790 1030 a
816 988 883 1030 sex
916 989 969 1030 ad
1003 994 1103 1029 octo
1126 990 1267 1028 uncias
1297 988 1469 1044 longus,
1504 989 1547 1030 &
1577 987 1671 1029 hinc
1705 992 1897 1030 termina-

191 1074 258 1108 tus
280 1070 322 1108 in
343 1082 550 1109 racemum
574 1067 869 1123 semipedalem
904 1075 1185 1122 erectumque.
1247 1064 1480 1109 Pedunculi
1509 1070 1703 1121 uniflori,
1734 1068 1898 1122 breves,

188 1147 346 1203 patuli,
378 1147 604 1199 numm-ost,
637 1146 782 1202 sparli,
823 1145 946 1186 nullis
989 1144 1166 1188 bracteis
1196 1146 1304 1188 fulti.
1368 1145 1518 1188 Flores
1546 1147 1711 1203 pufilli,
1752 1152 1892 1191 erecti.

189 1223 331 1281 Calyx
362 1228 536 1281 primum
570 1226 698 1273 viret,
748 1223 843 1263 dein
875 1221 1184 1279 subpellucidus
1219 1223 1345 1266 albet.
1406 1223 1612 1265 Antherae
1653 1226 1892 1268 flavescunt.

186 1301 348 1361 Stigma
369 1301 494 1343 albet.
555 1299 744 1342 Stamina
776 1303 855 1341 tria
887 1304 1095 1344 exteriora
1126 1303 1319 1344 locantur
1350 1306 1455 1345 inter
1485 1304 1677 1360 calycem
1711 1308 1889 1346 exterio-

191 1397 278 1423 rem
303 1382 345 1423 &
367 1384 630 1432 interiorem,
663 1379 832 1420 stamma
859 1386 999 1419 autem
1029 1383 1108 1421 tria
1142 1383 1342 1423 interiora
1372 1387 1476 1424 inter
1504 1384 1694 1440 calycem
1723 1388 1891 1426 interio-

185 1477 273 1503 rem
297 1462 551 1518 &germen,
585 1466 631 1499 ut
665 1457 822 1514 duplex
854 1457 937 1498 dici
966 1458 1093 1514 poffit
1128 1459 1276 1514 calyx,
1310 1458 1489 1515 quilibet
1525 1461 1744 1501 triandrus.
1809 1458 1890 1502 Ca-

188 1541 324 1597 lycem
347 1538 650 1594 hexaphyllum
676 1536 787 1588 dixi,
824 1534 879 1578 ob
904 1540 1088 1578 omnium
1117 1535 1320 1577 foliorum
1351 1536 1548 1578 summam
1584 1537 1891 1581 fimilitudinem

182 1617 327 1661 Posset
348 1633 469 1675 aeque
501 1618 583 1660 dici
603 1616 766 1658 corolla
796 1616 1071 1673 hexapetala,
1114 1623 1185 1657 aut
1222 1615 1347 1671 calyx
1380 1615 1606 1671 triphyllus
1644 1617 1688 1658 ὅ(
1723 1618 1888 1660 corolla

183 1699 390 1755 tripetala.
453 1696 550 1738 Hoc
577 1696 664 1738 fere
695 1694 958 1738 arbitrarium
991 1694 1059 1736 est.
1122 1692 1264 1745 Calyx
1299 1697 1473 1736 interior
1509 1695 1745 1738 adhucdum
1775 1698 1885 1739 clau-

180 1776 243 1817 sus
278 1777 499 1825 connivet,
533 1776 616 1826 jam
640 1773 811 1828 delapso
842 1773 988 1830 calyce
1023 1775 1242 1814 exteriore.
1302 1770 1402 1815 Post
1427 1775 1566 1830 plures
1599 1776 1763 1818 demum
1793 1778 1881 1819 dies

179 1856 251 1898 ille
273 1855 521 1912 expanditur
550 1868 753 1895 unacum
790 1853 973 1894 antheris
1001 1853 1081 1894 suis
1118 1860 1215 1894 tunc
1244 1853 1391 1908 pollen
1422 1855 1760 1911 explodentibus.
1820 1857 1882 1898 At

177 1943 274 1977 tunc
297 1937 407 1977 aucti
425 1936 506 1987 jam
533 1933 759 1975 admodum
778 1935 972 1990 germinis
999 1931 1139 1987 stigma
1170 1930 1423 1972 emarcidum
1446 1931 1534 1984 est,
1567 1941 1612 1974 ut
1642 1936 1792 1990 itaque
1826 1934 1880 1976 ab

177 2015 241 2057 his
273 2013 454 2056 antheris
480 2012 741 2054 foecundatio
767 2012 887 2066 hujus
912 2016 1106 2071 germinis
1137 2013 1226 2054 fieri
1250 2019 1446 2067 nequeat.
1511 2010 1694 2070 Capsula
1725 2022 1878 2069 erecta,

175 2095 340 2155 gracilis
363 2094 405 2136 &
425 2093 512 2136 fere
532 2093 805 2136 semuncialis.

176 2253 295 2298 CAL.
326 2251 612 2295 Perianthium
642 2250 985 2307 hexaphyllt1m3
1025 2251 1188 2294 foliolis
1229 2255 1368 2296 ovatIS
1390 2286 1402 2305 ,
1448 2255 1603 2303 acutis,
1648 2251 1873 2294 admodum

285 2335 506 2383 concavis,
537 2331 845 2387 patentissimis,
877 2329 1137 2388 aequalibus,
1169 2331 1354 2373 deciduis
1382 2344 1394 2381 3
1437 2343 1616 2385 quorum
1649 2333 1728 2372 tria
1758 2338 1867 2372 exte-

285 2416 400 2455 rior-a
424 2410 557 2453 multo
585 2411 858 2465 praecociora.

175 2491 296 2537 COR.
328 2492 454 2535 nulla.

1649 2562 1807 2606 STAM.
