2436 3246
564 318 642 363 150

1295 420 1526 466 DCLXII.

616 579 880 626 SENECIO
914 576 1256 624 DENTATUS
1342 580 1442 623 Tab.
1470 578 1509 621 6.
1513 577 1600 635 fig.
1628 591 1668 623 2.

736 740 802 782 Ex
823 738 1125 782 promontorio
1146 737 1272 780 bonae
1301 736 1416 794 Spei.
1479 735 1611 794 Apud
1641 750 1718 778 nos
1750 736 1873 777 floret
1902 733 2017 778 Julio
2051 737 2094 779 &
2127 734 2272 795 Augu·

561 820 635 871 sto.
693 818 848 862 Planta
878 835 1014 862 annua
1036 819 1106 864 vel
1139 818 1324 870 biennis,
1355 824 1449 858 tota
1468 815 1668 873 rigidula‚
1703 815 1864 856 &trita
1892 814 2006 857 haud
2033 823 2150 874 grate
2185 815 2273 858 bal·

559 899 725 940 samica.
789 895 935 939 Caulis
959 904 1092 948 teres,
1125 897 1330 938 calamum
1361 897 1539 948 crassus,
1572 895 1625 938 ab
1648 895 1734 952 ipsa
1759 893 1842 937 basi
1868 895 2081 947 ramosus,
2113 893 2275 953 glaber,

562 986 748 1030 erectus,
781 977 1106 1034 sesquipedalis,
1141 975 1325 1018 diffusus.
1385 972 1514 1016 Folia
1544 974 1728 1027 alterna,
1760 975 1921 1032 sparsa,
1955 975 2275 1032 profundissime

560 1057 829 1114 pinnatifida,
862 1056 1057 1109 crassula,
1088 1054 1256 1114 glabra,
1288 1052 1339 1096 ab
1369 1067 1452 1096 una
1480 1054 1532 1095 ad
1555 1062 1737 1110 quatuor
1760 1058 1902 1097 uncias
1928 1055 2081 1112 longa3
2112 1053 2276 1095 laciniis

563 1134 814 1189 linearibus,
847 1139 1005 1187 acutis,
1048 1133 1312 1185 distantibus,
1354 1133 1558 1185 dentatis,
1598 1137 1731 1175 rarius
1759 1137 2069 1192 integerrimis3
2101 1135 2154 1176 ad
2186 1148 2280 1176 ner-

562 1230 663 1260 vum
683 1216 914 1271 principem
952 1211 1060 1268 s'aepe
1090 1210 1188 1267 pilis
1215 1211 1467 1266 paucissimis
1499 1208 1606 1252 albis
1645 1211 1814 1254 hirtula.
1874 1209 2110 1254 Pedunculi
2140 1215 2278 1254 termi-

564 1293 708 1345 nales,
741 1291 990 1351 corymbos'e
1032 1292 1126 1348 plus
1164 1294 1298 1332 minus
1330 1289 1621 1345 septemflori3
1661 1290 1881 1345 pedicellis
1911 1289 2145 1348 elongatis,
2176 1306 2279 1347 pau·

566 1370 846 1427 cisquamosis.
912 1367 1052 1425 Calyx
1083 1368 1335 1424 cylindricus
1361 1399 1374 1418 ‚
1412 1366 1557 1424 glaber
1586 1401 1599 1418 ,
1640 1368 1785 1411 Viridis
1807 1401 1818 1419 ‚
1863 1368 1916 1410 ad
1950 1366 2064 1410 basin
2094 1367 2280 1411 breviter

567 1450 851 1506 calyculatus,
885 1447 1075 1506 apicibus
1093 1446 1342 1504 sphacelatis
1368 1444 1680 1503 nigricantibus.
1746 1444 1983 1488 Corollulae
2006 1447 2112 1488 radii
2134 1447 2278 1499 luteae,

566 1531 662 1587 plus
684 1533 817 1571 minus
841 1536 966 1581 octo,
1000 1526 1223 1585 oblongae,
1256 1526 1310 1568 ad
1332 1525 1486 1567 lentem
1509 1525 1773 1566 minutissime
1795 1523 1837 1565 &
1860 1522 2005 1564 obtuse
2027 1525 2283 1578 tridentatae,

569 1608 883 1665 patentiffimae,
917 1608 1085 1649 tandem
1116 1608 1287 1648 reflexae
1322 1605 1520 1661 quidem,
1553 1613 1596 1648 at
1631 1618 1717 1646 non
1747 1603 1968 1647 revolutae.
2032 1603 2191 1646 Discus
2222 1604 2285 1645 lu-

569 1695 676 1728 teus.
735 1685 920 1744 Reliqua
945 1689 1122 1746 generis.
1182 1682 1355 1727 Tabula
1395 1684 1488 1727 fistit
1518 1700 1699 1739 ramum,
1733 1686 1777 1728 &
1810 1685 1895 1728 duo
1928 1684 2037 1728 folia
2076 1687 2287 1729 variantia

571 1765 751 1808 caulina.

1301 1930 1558 1977 DCLXIII.

637 2087 901 2133 SENECIO
933 2088 1288 2160 RIGESCENS.
1359 2087 1460 2133 Tab.
1486 2086 1527 2130 6.
1530 2085 1620 2145 fig.
1647 2100 1683 2129 1.

757 2256 968 2316 Hyemem
991 2262 1076 2317 agit
1093 2262 1134 2300 in
1154 2259 1390 2316 tepidarIO,
1422 2254 1605 2298 aestatem
1641 2252 1714 2298 sub
1735 2254 1832 2307 dio,
1863 2253 1977 2299 horti
1999 2253 2186 2299 botanici
2203 2259 2289 2312 jam

587 2352 612 2379 a
629 2336 818 2393 plurimis
843 2341 958 2378 annis
981 2338 1142 2389 incola,
1174 2353 1226 2379 ex
1255 2341 1393 2394 patria
1420 2340 1578 2396 ignota.
1640 2335 1787 2379 Caulis
1818 2336 2040 2380 fruticofus
2064 2369 2078 2389 ,
2118 2335 2291 2393 bipeda-

585 2416 662 2469 lis,
690 2416 898 2467 ramosus,
930 2414 1106 2469 debssis,
1139 2416 1434 2459 erectiusculus
1471 2416 1541 2460 vel
1571 2417 1845 2470 adscendens,
1877 2417 2084 2459 calamum
2113 2416 2289 2467 craffus,

584 2493 796 2555 lignosus,
825 2494 986 2550 fuscus,
1016 2494 1195 2554 glaber3
1233 2498 1372 2551 junior
1403 2496 1447 2539 ὅτ
1485 2498 1594 2541 rami
1629 2496 1825 2556 lanugine
1859 2495 2105 2540 abscedente
2138 2494 2289 2538 vestiti.

2103 2572 2234 2615 Folia
