2436 3246
1264 388 1452 433 DLXX.

571 511 845 559 HYPOXIS
879 506 1176 563 OBLIQUA.

684 631 841 676 Crescit
862 631 915 672 ad
935 627 1279 671 promontorium
1308 625 1436 668 bonae
1469 623 1586 682 Spei.
1654 623 1804 667 Floret
1834 624 1946 680 apud
1980 637 2058 666 nos
2087 631 2221 666 totam

513 717 708 761 aestatem,
770 711 910 754 Radix
931 707 1085 751 bulbus
1109 706 1189 750 live
1213 707 1355 762 potius
1385 704 1506 747 tuber
1537 704 1593 746 est
1616 711 1754 757 teres,
1797 704 1972 746 uncialIs
2009 705 2222 754 diametri,

511 798 614 840 duas
641 796 782 837 uncias
803 791 998 848 longum,
1039 789 1199 843 nigrum
1221 817 1234 836 ,
1266 782 1379 825 fibris
1408 783 1663 835 radicatum,
1694 784 1900 839 'perenne
1963 779 2091 822 Folia
2118 781 2224 822 radi-

511 877 619 920 calia
643 874 789 931 plura,
821 865 1230 912 lineari—lanceolata
1250 897 1261 916 ,
1303 866 1344 904 in
1376 862 1467 904 aliis
1502 862 1726 905 individuis
1761 860 2224 910 lanceolam-linearia,

511 957 749 999 acuminata
769 984 782 1003 ‚
813 949 1105 1005 integerrima,
1137 958 1268 987 nervo
1297 943 1436 985 medio
1470 940 1611 983 subtus
1638 948 1759 983 acute
1791 937 2094 996 protuberante
2124 940 2224 979 cari-

510 1043 633 1087 nata,
664 1010 845 1082 lineata,
877 1025 1080 1085 rigidula,
1113 1024 1166 1065 ad
1190 1037 1285 1064 oras
1310 1023 1351 1064 &
1375 1021 1427 1062 ad
1457 1025 1629 1064 hervum
1654 1019 1860 1061 dorsalem
1890 1019 2058 1070 lanata,
2100 1025 2223 1059 caete-

510 1130 601 1159 rum
622 1111 791 1172 glabrei,
823 1108 1072 1166 plerumque
1097 1103 1296 1159 obliqua,
1328 1102 1423 1158 plus
1458 1104 1592 1142 minus
1617 1099 1898 1155 semipedalia.
1961 1095 2088 1154 Scapi
2120 1096 2223 1138 axil—

511 1198 644 1248 lares,
679 1191 921 1249 compressi,
952 1184 1162 1236 hirsutuli‚
1194 1191 1277 1224 tres
1311 1188 1548 1237 quatuorve
1569 1183 1712 1221 uncias
1730 1179 1873 1236 longi,
1904 1182 1945 1220 in
1975 1181 2080 1221 flore
2113 1192 2223 1220 erec-

509 1273 703 1326 tiusculi,
737 1274 779 1313 in
811 1269 950 1311 fructu
981 1264 1275 1324 patentissimi,
1309 1258 1569 1302 umbellatim
1603 1262 1645 1301 in
1681 1259 1788 1300 duos
1821 1266 1960 1301 tresve
1989 1257 2223 1314 pedicellos

510 1362 663 1398 teretes
694 1350 872 1393 hirsutos
905 1345 1179 1390 sescunciales
1213 1344 1256 1385 &
1286 1341 1507 1384 successive
1538 1339 1801 1397 elongandos
1837 1337 1967 1382 divifi.
2028 1335 2224 1378 Bractcae

512 1436 566 1478 ad
586 1432 828 1477 divisionem
846 1430 1046 1487 geminae,
1080 1423 1310 1481 oppositae,
1343 1419 1620 1472 fubltnwres,
1653 1426 1811 1472 acutae,
1843 1418 2025 1460 hirsutae.
2070 1417 2117 1460 Si
2136 1425 2221 1460 tres

509 1513 709 1575 pedicelli
728 1511 840 1562 sunt,
873 1522 976 1550 unus
996 1512 1203 1562 praeterea
1238 1505 1365 1544 etiam
1396 1503 1437 1541 in
1468 1500 1640 1543 decursu
1668 1504 1863 1558 proprias
1893 1500 1998 1542 duas
2029 1497 2221 1541 bracteo-

510 1597 575 1638 las
596 1591 745 1644 habet,
778 1591 852 1646 qui
881 1598 1184 1641 nonnunquam
1209 1581 1293 1639 ipse
1327 1581 1379 1623 ad
1413 1581 1486 1622 has
1514 1579 1756 1623 bracteolas
1787 1577 1939 1621 bifidus
1971 1579 2015 1621 &
2045 1577 2221 1622 biflorus

511 1673 578 1716 est.
641 1670 691 1713 In
714 1667 852 1710 fructu
877 1661 1076 1720 pedicelli
1102 1661 1192 1702 sunt
1217 1660 1448 1703 divaricati.
1511 1660 1664 1703 Flores
1695 1663 1886 1715 inodori,
1921 1677 2003 1704 una
2033 1676 2124 1703 cum
2157 1669 2222 1702 to-

510 1757 562 1795 tis
587 1747 839 1811 genitalibus
866 1745 992 1796 lutei,
1031 1743 1222 1784 diametri
1252 1739 1342 1781 fere
1372 1738 1547 1781 uncialis
1566 1771 1579 1791 ,
1620 1737 1774 1794 petalis
1805 1745 1974 1780 externe
2006 1740 2048 1778 in
2075 1736 2217 1778 medio

512 1827 757 1876 virentibus.
822 1823 1008 1868 Ger-men
1026 1820 1223 1864 hirsutum
1245 1823 1363 1864 viret.

513 1989 634 2033 CAL.
667 1986 818 2029 nullus.

513 2067 635 2111 COR.
669 2064 819 2108 Peraia
841 2063 932 2115 seX‚
964 2063 1134 2119 supera,
1173 2060 1435 2112 lanceolata,
1478 2055 1758 2114 subaequalia‚
1801 2062 1946 2108 acuta,
1988 2055 2216 2111 patentissi-

628 2163 717 2200 ma,
749 2149 828 2187 tria
849 2145 1058 2185 exteriora
1086 2139 1226 2182 subtus
1252 2138 1360 2181 infra
1381 2142 1543 2197 apicem
1568 2136 1757 2179 barbata.

511 2228 671 2273 STAM.
704 2226 941 2268 Filamenta
978 2223 1045 2264 sex
1068 2255 1080 2274 ‚
1122 2220 1381 2273 brevissima,
1426 2225 1575 2261 erecta.
1637 2216 1843 2260 Antherae
1883 2203 2116 2276 sagittatae,
2157 2219 2216 2258 in-

631 2303 884 2348 cumbentes.

510 2384 647 2429 PIST.
683 2380 869 2425 Germen
891 2379 1168 2434 turbinatum,
1210 2382 1463 2423 trisulcatum
1482 2414 1494 2433 ,
1536 2378 1727 2422 inferum.
1789 2377 1936 2436 Stylus
1965 2376 2172 2419 filisormis
2192 2408 2207 2428 ,

626 2461 780 2508 brevis.
840 2459 1000 2521 Stigma
1026 2460 1276 2519 oblongum,
1310 2458 1527 2513 obtusum,
1562 2460 1768 2504 villosum.

1943 2535 2155 2580 DLXXI.
