2436 3246
1844 291 1924 335 125

219 402 343 454 tula3
374 400 531 443 summo
563 397 719 441 latiori.
779 395 930 440 Petala
969 397 1129 454 semper
1159 403 1340 455 quatuor
1364 431 1376 449 ‚
1416 397 1679 454 pallidissime
1710 411 1919 454 purpurea

219 480 291 524 vel
313 495 487 533 carnea,
519 480 670 538 calyce
694 479 828 536 duplo
861 478 1091 536 longior-‘13
1124 490 1303 532 quorum
1334 475 1420 517 duo
1450 476 1664 532 superiora
1697 492 1750 518 ex
1783 491 1918 535 ungue

182 560 186 564 ’
217 559 346 618 longa
368 563 411 602 in
435 560 630 601 laminam
654 557 917 616 angustantur
938 557 1207 599 rotundatam
1231 556 1275 598 &
1297 555 1583 612 amplissima-m
1600 589 1612 606 ,
1645 554 1919 596 erectiuscula

215 640 330 692 funt,
364 640 408 682 &
433 638 591 683 inferne
615 635 779 682 duabus
808 637 928 680 lineis
960 638 1130 680 ramofis
1158 635 1292 679 rubris
1328 634 1519 692 percursa
1545 649 1559 686 ;
1603 634 1687 676 duo
1717 631 1917 673 inferiora

215 718 412 777 elongate
431 719 694 771 lanceolata,
726 719 848 776 supra
881 732 1036 776 ungues
1061 718 1243 767 reflexa,
1274 711 1556 771 superioribus
1585 710 1781 756 breviora
1813 710 1916 752 mul·

210 806 346 856 toque
373 797 620 856 angustiora.
680 795 718 839 F
721 798 919 839 ilamenta
952 796 1096 838 decem
1119 828 1133 847 ,
1174 793 1257 836 bafi
1288 800 1490 846 connata,
1537 794 1722 849 quinque
1753 790 1914 832 alterna

211 878 481 922 antherifera.
541 875 746 918 Antherae
780 873 1052 917 snmeniatae.
1112 871 1274 931 Stigma
1308 871 1555 928 quintuplex
1581 904 1593 923 ‚
1634 870 1911 928 sanguineum⁰

210 956 389 998 Fructus
413 954 617 1006 hirsutus,
650 951 882 995 biuncialiS.
944 950 1112 995 Semina
1131 950 1215 995 bafi
1235 955 1493 1003 acuminata,
1525 950 1678 993 hirsuta
1713 964 1806 992 cum
1835 952 1910 991 ario

203 1035 264 1078 sta
289 1035 494 1093 plumosa·

963 1187 1149 1233 DCXL„

259 1345 729 1393 PELARGONIUM
758 1343 1184 1390 LONGICAULE.

379 1505 536 1549 Crescit
559 1507 611 1549 ad
633 1504 977 1548 Promontorium
1000 1503 1126 1546 bonae
1147 1500 1275 1560 Spei,
1308 1501 1419 1558 apud
1439 1514 1517 1542 nos
1541 1501 1695 1542 florens
1728 1515 1753 1541 a
1782 1498 1906 1553 Maio

205 1586 260 1628 ad
280 1583 459 1637 Julium,
493 1584 636 1626 odoris
661 1583 822 1636 foetidi,
853 1582 1002 1625 bienne
1021 1582 1091 1627 vel
1122 1585 1293 1625 trienne.
1354 1581 1494 1624 Radix
1524 1580 1708 1632 ramosa,
1740 1580 1906 1621 tandem

204 1665 382 1722 digitum
414 1665 554 1706 crassa.
613 1661 772 1705 Caules
802 1661 943 1719 plures
963 1695 974 1713 ‚
1017 1659 1236 1712 herbacei,
1276 1659 1360 1702 bafi
1392 1661 1446 1701 ad
1474 1660 1672 1701 summum
1700 1658 1906 1701 calamum

204 1745 347 1794 craffi,
387 1750 564 1794 teretes,
604 1742 715 1798 saepe
745 1741 975 1799 geniculati
1012 1755 1060 1782 ac
1093 1739 1314 1791 nodosuli‚
1346 1738 1509 1780 sordide
1539 1736 1903 1794 purpurascentes,

201 1823 281 1862 toti
305 1816 628 1876 procumbentes
652 1818 695 1859 &
712 1817 809 1874 pilis
833 1813 984 1858 albidis
1004 1816 1125 1863 dense
1144 1820 1311 1872 hirsuti,
1342 1816 1594 1875 tripedales‚
1624 1813 1786 1857 ramofi.
1819 1811 1903 1854 Fo-

198 1899 257 1941 lia
278 1899 402 1957 longe
423 1897 655 1956 petiolata,
687 1896 888 1939 inferiora
907 1895 1090 1952 alterna,
1123 1899 1339 1956 superiora
1363 1895 1578 1953 opposita,
1612 1892 1777 1944 ciliata,
1813 1887 1902 1932 sub-

199 1988 265 2021 tus
287 1978 340 2020 ad
362 1991 534 2020 nervum
555 1990 771 2033 venasque
792 1975 1015 2033 hirsutulaq,
1047 1983 1245 2019 caeterum
1277 1971 1561 2033 glabriuscula
1592 1970 1634 2012 &
1666 1970 1721 2011 ad
1747 1968 1900 2020 lentem

198 2056 446 2115 punctatula
466 2089 481 2109 ,
520 2055 771 2111 subaspera,
824 2070 955 2099 nervo
997 2059 1202 2112 venisque
1241 2050 1472 2095 dorsalibus
1513 2049 1623 2105 saepe
1655 2049 1896 2104 purpureis,

199 2144 364 2179 ternata
385 2150 399 2188 3
430 2134 593 2177 foliolis
614 2133 856 2177 lateralibus
877 2133 1032 2176 Iobatis
1060 2137 1103 2179 ὅτ
1132 2133 1478 2182 inciso-serratis3
1509 2127 1649 2169 medio
1682 2126 1897 2182 elongato,

196 2215 425 2267 triunciali,
456 2214 700 2270 pinnatifide
722 2213 832 2256 secto
853 2217 895 2256 in
915 2212 1039 2255 lobos
1064 2212 1274 2272 oblongos
1307 2212 1501 2254 distantes
1529 2210 1573 2252 &
1605 2210 1723 2264 apice
1753 2204 1896 2247 inciso·

198 2298 429 2347 dentatos3
460 2281 624 2350 petiole
659 2292 830 2336 hirsuto.
890 2290 1070 2348 Stipulae
1102 2299 1274 2346 ovatae,
1316 2300 1452 2334 acutae
1483 2291 1552 2336 vel
1582 2294 1809 2337 truncatae,
1840 2288 1893 2326 ci-

196 2376 310 2418 liatae
332 2408 346 2427 ,
384 2373 564 2416 hirsutae.
626 2369 861 2414 Pedunculi
891 2384 1132 2413 communes
1162 2370 1465 2428 oppofitifolii,
1508 2369 1704 2412 axillares
1738 2365 1782 2407 ὅτ
1811 2371 1889 2404 ter-

199 2454 395 2505 minales,
428 2451 706 2503 umbelliferi,
738 2453 887 2502 erecti,
919 2465 944 2492 a
979 2447 1140 2491 duabus
1170 2448 1221 2490 ad
1256 2454 1438 2503 quatuor
1467 2449 1608 2489 uncias
1643 2444 1779 2500 longi,
1810 2440 1889 2481 hir-

1744 2522 1831 2562 suti.
