2436 3246
550 296 631 354 156

545 423 612 457 tur
631 412 921 471 octopedalis‚
952 418 1138 465 erectus,
1180 410 1325 455 obtuse
1356 410 1603 470 hexagonus
1622 442 1635 462 ‚
1677 408 1857 451 sulcatus
1877 443 1890 462 ‚
1929 409 2252 468 scabriusculus‚

543 493 766 537 hirsutulus
790 525 803 546 ,
842 491 926 534 bafi
956 490 1123 534 calamo
1158 493 1360 546 craffior,
1401 493 1575 550 superne
1606 507 1659 534 ex
1687 491 1880 544 ramulis,
1923 495 1964 533 in
1992 494 2256 549 pedunculos

543 577 748 618 unifloros
775 582 938 617 erectos
971 573 1148 616 hirtulos
1187 552 1539 630 &lemipedales
1566 571 1710 613 solutis
1730 604 1743 623 ,
1785 572 2064 628 paniculatus.
2125 573 2162 616 F
2166 575 2255 618 olia

544 657 636 699 sunt
658 655 874 712 opposita,
906 652 1150 710 bipinnata,
1182 652 1384 695 inferiora
1407 654 1551 696 decem
1583 655 1727 695 uncias
1756 653 1920 712 longa3
1952 654 2072 696 costis
2100 653 2253 697 scabris

543 738 589 780 δι
614 736 812 788 hirtuli53
842 733 1007 775 foliolis
1027 731 1223 790 oblongis
1245 733 1315 776 vel
1333 733 1606 786 lanceolatis,
1639 737 1794 787 acutis,
1825 734 1956 776 incilis
1988 734 2059 778 vel
2078 736 2255 791 integer·

540 821 677 869 rimis,
708 814 1024 873 glabriusculis,
1056 812 1270 869 plerisque
1294 810 1617 854 confluentibus.
1680 810 1822 869 Calyx
1846 810 1994 869 glaber
2013 813 2255 870 nitidusque

541 902 662 944 viret.
723 895 867 938 Paleae
888 893 1163 936 flosculorum
1182 891 1287 932 radii
1307 904 1399 931 cum
1430 891 1570 932 virore
1594 888 1864 932 flavescentes
1886 888 2143 931 alternantur
2164 904 2258 932 cum

543 977 723 1033 squamis
745 974 969 1030 calycinis‚
1001 974 1043 1013 in
1069 973 1173 1013 flore
1192 970 1376 1027 expanso
1401 970 1654 1010 mentiuntur
1673 966 1964 1023 patentissimae
1991 967 2182 1024 calycem
2202 972 2261 1012 in-

543 1060 740 1099 teriorem
758 1087 770 1105 ,
802 1056 843 1094 in
863 1051 1001 1093 fructu
1024 1057 1162 1091 autem
1185 1052 1397 1106 eriguntur
1418 1049 1459 1087 in
1481 1046 1737 1103 cylindrum,
1770 1044 1868 1086 dum
1887 1061 2011 1089 verus
2035 1048 2161 1105 calyx
2182 1065 2262 1106 pa—

541 1133 786 1174 tenuffimus
811 1129 979 1186 perstat.
1041 1125 1187 1169 Paleae
1208 1127 1475 1169 flosculorum
1498 1129 1602 1169 disci
1630 1127 1719 1168 sunt
1740 1127 1942 1175 lineares,
1974 1134 2137 1179 acutae,
2169 1128 2260 1183 pal-

540 1211 665 1262 lidae,
698 1206 984 1258 subscariol'ae,
1016 1205 1105 1247 fere
1127 1206 1389 1264 longitudine
1424 1206 1712 1249 flosculorum,
1775 1204 2013 1248 Corollulae
2035 1208 2141 1248 radii
2169 1208 2261 1250 funt

539 1289 671 1334 fulvae
699 1304 791 1331 cum
816 1287 920 1331 tubo
942 1288 994 1330 ad
1018 1288 1171 1330 lentem
1192 1286 1379 1329 striatulo
1419 1287 1463 1328 ὅτ
1494 1286 1666 1328 hirtulo.
1729 1284 1966 1329 Corollulae
1994 1287 2100 1328 disci
2132 1289 2258 1331 flavae

538 1370 641 1412 sunt.
703 1367 897 1410 Anthera
920 1370 1037 1425 nigra
1060 1382 1153 1409 cum
1180 1369 1299 1423 apice
1323 1368 1453 1409 flavo.
1516 1363 1665 1422 Stylus
1692 1366 1735 1407 &
1756 1364 1898 1423 stigma
1927 1366 2098 1408 flavent,
2160 1362 2261 1408 Post

531 1449 901 1494 „foecundationem
920 1446 1077 1488 summa
1104 1460 1204 1503 pars
1226 1449 1420 1503 germinis
1443 1446 1665 1503 elongatur
1688 1447 1729 1486 in
1751 1443 1926 1485 aristam.

542 1606 664 1651 CAL.
697 1607 927 1649 communis
948 1620 1001 1646 ex
1023 1606 1146 1646 unico
1175 1604 1323 1645 ordine
1351 1603 1616 1659 squamarum
1647 1604 1809 1643 circiter
1843 1609 1968 1654 octo,
1999 1600 2258 1644 lanceolata-

654 1701 768 1738 rum,
800 1692 1041 1735 acutarum,
1073 1683 1333 1740 aequalium,
1365 1685 1407 1723 in
1437 1679 1583 1722 orbem
1620 1681 2017 1737 patentissimarum,
2049 1680 2258 1736 persisten-

654 1767 772 1806 tium.
834 1761 922 1804 Nifi
948 1761 1095 1819 paleas
1117 1762 1247 1814 radii,
1280 1764 1341 1803 uti
1358 1758 1583 1814 Linnaeus,
1614 1775 1694 1817 pro
1716 1761 1862 1818 calyce
1887 1764 2085 1802 interiore
2110 1759 2260 1811 sumas,

662 1843 771 1885 unde
794 1843 900 1884 ordo
923 1842 1080 1898 duplex
1101 1842 1294 1900 exsurgit.
2238 1836 2245 1839 s

543 1920 668 1965 COR.
701 1921 953 1978 composita,
985 1922 1159 1964 radiata.
1222 1918 1458 1963 Corollulae
1489 1917 1845 1975 hermaphroditae
1875 1916 2069 1974 plurimae
2102 1919 2143 1958 in
2175 1916 2256 1957 dis-

660 2013 726 2042 co.
786 1998 1015 2040 Faemineae
1036 1999 1125 2041 fere
1146 2007 1229 2052 tot,
1267 2007 1374 2056 quot
1393 2000 1483 2040 sunt
1502 1999 1685 2054 squamae
1712 1997 1920 2054 calycinae
1940 1999 1981 2037 in
2004 1996 2140 2037 radio.

658 2077 841 2135 Propria
881 2077 1235 2134 hermaphroditis
1286 2075 1686 2119 infundibuliformis
1716 2090 1731 2128 3
1771 2074 1902 2116 limbo
1956 2074 2255 2130 quinquefido,

657 2165 800 2210 acuto,
832 2157 997 2214 patulo.

660 2235 843 2294 Propria
860 2236 1042 2278 faeminis
1066 2235 1267 2293 ligulata,
1297 2248 1471 2293 magna,
1505 2230 1679 2277 obverse
1710 2237 1861 2284 ovata,
1892 2228 2153 2287 subplicata,
2184 2233 2254 2272 tri-

655 2317 850 2369 dentata,
881 2317 1174 2373 patentiss‘ima.

541 2392 700 2438 STAM.
734 2393 1099 2452 Hermaphroditis
1122 2395 1334 2436 filamenta
1357 2397 1567 2452 quinque,
1600 2393 1840 2449 capillaria,
1874 2389 2120 2433 brevissima.
2163 2385 2250 2428 An-

656 2473 775 2517 thera
795 2474 1048 2532 cylindrica,
1081 2473 1297 2527 tubulosa,
1332 2477 1453 2531 apice
1476 2473 1849 2530 quinquedentata.

2056 2548 2192 2592 PisT.
