2436 3246
1879 295 1910 337 5

329 395 533 439 levissimo
565 398 716 438 carinae
751 402 1057 452 promovetur-3
1089 395 1184 436 dein
1213 396 1416 451 paulatim
1444 400 1550 440 inter
1569 401 1735 456 'ungues
1763 398 1912 441 vexilli

329 478 524 520 tranfiens
538 512 551 530 ‚
582 478 635 520 ad
656 475 819 518 dorsum
839 473 1014 515 corollae
1035 474 1272 516 reflectitur.
1336 472 1528 518 Anthera
1546 476 1732 533 didyma,
1754 470 1904 520 erecta.

212 552 345 598 PIST.
379 554 562 598 Germen
582 547 778 605 inferum,
809 551 1042 610 globosum.
1103 551 1250 610 Stylus
1272 554 1493 606 filiformis,
1524 558 1630 596 inter
1651 554 1905 596 filamentum

329 635 373 677 &
396 640 574 677 carinam
598 634 715 686 situs,
748 633 1068 683 erecfiusculus,
1109 634 1245 687 primo
1280 633 1501 689 alteroque
1525 634 1591 674 die
1624 632 1904 687 brevissimus,

327 713 421 754 dein
440 712 628 753 celeriter
653 710 878 752 increscens
898 709 987 752 fere
1017 711 1069 752 ad
1090 711 1290 753 filamenti
1316 712 1589 753 altitudinem.
1650 709 1813 771 Stigma
1839 727 1902 754 ca-

325 797 502 850 pitatum
520 825 532 843 ,
564 791 732 833 tandem
758 793 887 848 magis
909 793 1126 848 magisque
1151 791 1358 834 villosum.

206 870 320 913 PER.
354 868 537 926 Capsula
554 867 757 927 globosa,
791 870 1163 925 quadrilocularis,
1196 873 1316 925 apice
1342 869 1643 926 quadrimlvis,¹

213 947 329 991 SEM.
362 948 601 999 numerosa,
631 951 803 990 minuta.

973 1129 1120 1173 DXX.

260 1285 531 1330 LOPEZIA
561 1284 845 1329 HIRSUTA.
917 1284 1019 1328 Tah.
1050 1298 1112 1342 15.
1126 1285 1213 1343 fig.
1239 1297 1277 1337 4.

374 1453 481 1497 Cum
503 1456 766 1512 praecedente
798 1456 847 1497 fic
880 1457 1077 1499 convenit
1100 1451 1269 1504 habitu,
1303 1452 1452 1494 statura
1479 1452 1523 1494 &
1552 1452 1811 1505 charactere,
1847 1462 1893 1494 ut

203 1549 281 1592 pro
304 1536 448 1577 eadem
474 1534 619 1577 haberi
638 1535 785 1591 posset,
817 1533 886 1575 nifi
910 1533 1202 1590 distinguerent
1223 1532 1351 1573 caulis
1370 1534 1559 1588 ramique
1582 1539 1789 1588 perpetuo
1817 1531 1896 1574 fine

201 1616 313 1654 omni
335 1614 487 1670 angulo
517 1621 668 1654 teretes
698 1614 740 1654 &
770 1612 894 1669 longe
919 1612 1129 1668 valdeque
1155 1611 1318 1663 hirsuti,
1351 1609 1458 1653 folia
1485 1609 1719 1662 villofiora‚
1754 1611 1797 1653 &
1825 1624 1893 1652 eo—

199 1691 319 1733 rollae
343 1693 482 1732 carina
502 1691 655 1747 petalis
680 1689 852 1746 reliquis
874 1689 1088 1731 concolor.

952 1867 1122 1911 DXXI.

257 2035 529 2081 JUSTICIA
558 2033 1143 2081 PERIPLOCAEFOLIA
1229 2033 1329 2077 Tab.
1354 2047 1390 2090 7.
1399 2034 1484 2092 fig.
1513 2048 1550 2079 2„

375 2202 531 2247 Crescit
560 2206 613 2247 ad
634 2204 816 2249 Caracas
843 2208 884 2247 in
909 2204 1107 2248 America
1140 2206 1309 2247 torrida.
1373 2204 1421 2246 In
1454 2204 1639 2246 caldario
1670 2205 1782 2260 apud
1809 2218 1885 2247 nos

196 2286 321 2325 floret
340 2290 474 2326 totam
494 2283 686 2328 aestatem.
748 2283 866 2327 Tota
886 2284 1032 2343 glabra
1056 2285 1123 2327 est.
1185 2283 1328 2327 Caulis
1348 2285 1647 2343 sesquipedalis
1664 2318 1676 2336 ,
1708 2291 1882 2325 erectus.

194 2362 318 2405 Rami
339 2371 511 2416 teretes,
543 2363 689 2417 striati,
722 2365 775 2406 ad
796 2365 931 2407 nodos
954 2366 1159 2407 incraffati
1181 2365 1224 2407 ὅτ
1243 2364 1596 2421 purpurascentes.
1657 2362 1784 2404 Folia
1809 2377 1882 2418 op·

194 2442 326 2500 posita
337 2477 350 2496 ,
382 2442 563 2488 breviter
583 2444 790 2500 petiolata
802 2477 814 2496 ‚
846 2459 897 2486 ex
918 2442 1001 2485 bafi
1024 2450 1152 2487 ovata
1174 2445 1216 2485 in
1237 2444 1449 2499 cuspidem
1468 2443 1670 2500 paulatim
1700 2440 1881 2499 angusta-

929 2517 973 2561 A
999 2533 1033 2575 3·
1766 2525 1823 2570 ta,
