2436 3246
1850 300 1926 345 ¹31³

218 404 379 455 rentia,
409 400 605 460 longiora
630 403 702 445 vix
721 397 925 452 uncialia,
956 399 1161 457 pleraque
1198 400 1330 458 duplo
1359 399 1569 445 breviora.
1629 400 1809 461 Stipulae
1842 403 1930 448 lan-

222 483 430 534 ceolatae‚
464 490 600 524 acutae
625 515 638 534 ,
678 496 823 538 parvae
849 514 861 532 ,
901 477 1021 523 brevi
1055 480 1287 522 emarcidae.
1347 477 1581 532 Pedunculi
1622 483 1839 536 axillares,
1872 484 1933 526 al-

220 563 350 613 terni,
384 559 499 601 foliis
524 560 758 615 longiores,
791 556 932 599 biflori
957 566 1029 600 aut
1055 561 1239 603 uniflori,
1298 560 1513 605 Involucri
1547 561 1700 603 foliola
1731 562 1824 618 plus
1857 565 1931 603 mi-

218 655 295 683 nus
329 647 535 696 quatuor,
574 637 837 690 lanceolata,
882 645 1028 691 acuta,
1068 641 1238 682 minuta,
1300 636 1508 682 Pedicelli
1540 640 1716 697 superne
1747 639 1932 684 breviter

169 726 173 730 “
218 720 457 763 cuniculati.
516 718 667 760 Flores
692 721 863 762 minimi.
925 717 1097 777 Calycis
1119 716 1390 774 pentaphylli
1421 720 1607 762 virentis*
1625 718 1670 759 &
1697 717 1841 759 hirtuli
1865 717 1932 759 fo-

215 800 324 842 liola
350 798 614 851 lanceolata,
656 801 698 840 in
733 798 907 840 setulam
941 803 1202 850 acuminata,
1235 804 1395 850 erecta,
1427 797 1585 839 summo
1617 797 1933 854 paulelatiori.

219 875 372 920 Petala
395 878 604 932 quinque,
636 875 897 934 longitudine
927 876 1112 934 calycis,
1144 875 1440 929 cuneiformia,
1473 874 1643 928 obtusa,
1676 883 1837 928 erecta,
1869 875 1931 917 su-

220 971 349 1015 perne
372 955 539 1012 patula,
575 952 673 997 alba
693 969 787 996 cum
807 954 1088 1019 disco3medio
1120 964 1453 1013 atropurpureo,
1488 969 1667 1011 quorum
1696 956 1781 996 duo
1811 955 1930 1011 supe-

213 1041 329 1080 riora
351 1036 482 1092 duplo
502 1035 668 1078 latiora.
732 1034 972 1078 Filamenta
1006 1037 1173 1088 decem,
1216 1034 1300 1077 basi
1335 1041 1538 1085 connata,
1571 1032 1696 1086 alba,
1742 1036 1934 1090 quinque·

197 1117 380 1173 ‚alterna
403 1115 591 1167 fertilia,
630 1115 802 1171 reliqua
834 1115 998 1158 sterilia.
1058 1115 1262 1158 Antherae
1295 1117 1435 1158 flavae.
1498 1110 1684 1154 Germen
1714 1113 1931 1156 hirsutum.

214 1193 375 1254 Stigma
408 1195 749 1251 quinquefidum,
790 1210 1069 1253 purpureum,
1110 1195 1368 1241 villosul-um..
1422 1191 1581 1238 Semen
1604 1193 1802 1237 hirsutum
1834 1209 1938 1246 cum,

214 1291 292 1319 acu
315 1274 472 1318 unciali
493 1271 684 1316 barbata.

959 1430 1198 1477 DCXLV.

271 1586 740 1633 PELARGONIUM
773 1587 1287 1634 TRICHOSTEMON.

388 1746 455 1788 Ex
484 1746 790 1792 Promontorio
822 1748 947 1792 bonae
975 1749 1090 1807 Spei.
1150 1747 1301 1790 Floret
1332 1746 1453 1803 apua
1482 1760 1559 1788 nos
1601 1745 1766 1789 Martio
1799 1747 1841 1790 ὅτ
1870 1748 1930 1790 see

219 1823 455 1882 quentibus.
520 1825 642 1869 Odor
663 1828 815 1870 nullus.
876 1827 1016 1872 Radix
1037 1828 1222 1880 ramosa,
1254 1826 1436 1869 biennis„
1491 1824 1636 1868 Caulis
1658 1826 1779 1883 supra
1795 1827 1927 1884 ipsam

216 1914 367 1947 terram
387 1908 469 1959 jam
494 1906 679 1949 ramosus
695 1941 707 1960 ,
741 1915 786 1949 ut
810 1907 1051 1950 multicaule
1077 1910 1294 1961 videatur,
1338 1907 1543 1949 calamum
1576 1906 1750 1957 crall'us,
1792 1913 1926 1958 teres,

212 1984 539 2036 erectiusculus,
570 1985 763 2041 pedalis,
802 1980 939 2040 junior
966 2001 1049 2029 una
1077 2001 1169 2028 cum
1202 1987 1326 2027 ramis
1359 1983 1617 2025 mollissimus
1650 1983 1693 2024 &
1724 1982 1927 2025 holoseri-

219 2080 339 2116 ceus,
373 2065 607 2118 cujusmodi
632 2067 758 2106 etiam
790 2065 881 2108 sunt
913 2065 1046 2118 folia,
1086 2064 1276 2121 stipulae,
1309 2062 1484 2120 petioli,
1525 2062 1773 2118 pedunculi,
1805 2051 1927 2107 ἱηνό·

210 2145 326 2186 lucra
360 2145 403 2186 &
433 2143 612 2200 calyces.
677 2144 803 2187 Folia
832 2146 923 2188 sunt
956 2146 1116 2202 sparsa,
1159 2151 1311 2195 ovata,
1352 2140 1526 2192 obtusa,
1561 2138 1705 2181 obtuse
1748 2139 1922 2193 serrata,

210 2224 458 2276 nervosula,
489 2225 670 2277 venosa,
703 2226 857 2281 plana,
890 2225 942 2267 ad
975 2225 1196 2267 ferraturas
1225 2230 1364 2264 tamen
1397 2220 1508 2276 saepe
1538 2236 1763 2277 parumper
1794 2222 1924 2263 undu-

151 2322 154 2325 ·
207 2302 319 2354 lata,
353 2302 554 2354 craffula,
587 2306 781 2359 utrinque
810 2301 1057 2356 subincana,
1089 2308 1254 2347 unciam
1289 2303 1360 2347 vel
1387 2303 1639 2353 sescunciam
1670 2301 1825 2359 longa,
1852 2315 1925 2355 pe-

209 2383 319 2426 tiolo
343 2382 562 2425 insidentia
588 2385 775 2426 tereti&
810 2399 834 2424 a
864 2381 995 2425 tribus
1023 2371 1080 2425 ‘ad
1108 2383 1177 2425 sex
1203 2386 1344 2425 uncias
1380 2383 1534 2441 longo,
1566 2382 1719 2423 summa
1749 2382 1833 2422 duo
1870 2380 1927 2422 ad

207 2463 394 2520 petiolos
427 2462 632 2520 opposita.
693 2461 872 2520 Stipulae
894 2466 1088 2519 utrinque
1117 2463 1170 2506 ad
1201 2464 1387 2520 petiolos
1410 2465 1831 2511 ovato--acuminatae,
1863 2462 1925 2501 in·
1997 2496 2013 2511 Ο

982 2540 1022 2582 R
1053 2554 1082 2585 2
1733 2547 1867 2597 teger·
1918 2546 1921 2547 ’
