2436 3246
1855 312 1910 363 85

214 418 398 472 firmula,
429 420 525 477 plus
551 423 683 462 minus
708 427 807 462 octo
830 424 970 462 uncias
991 407 1140 478 longa,
1174 424 1327 462 extima
1352 436 1487 477 pauca
1518 424 1817 478 patentissima,
1849 440 1909 466 re-

211 500 328 556 liqua
350 509 501 544 erecta.
562 500 690 559 Scapi
711 484 951 557 fimplicesJ
968 500 1182 555 trIquetri,
1215 497 1297 540 bafi
1320 500 1613 543 adscendentes
1638 503 1681 543 &
1704 503 1907 544 calamum

208 582 350 633 craffi,
383 582 477 623 dein
500 585 650 632 erecti,
684 582 812 630 firmi,
843 578 1005 635 glauci,
1033 576 1380 634 sesquipedales,
1420 581 1713 635 terminatique
1746 581 1907 637 insuper

207 663 248 701 in
270 675 477 702 racemum
502 660 669 701 tandem
691 657 820 714 ipsum
852 655 1193 712 sesquipedalem.
1256 654 1451 698 Bracteae
1479 656 1703 710 subulatae,
1737 657 1907 712 breves,

209 735 504 787 fuscefcentes‚
537 734 619 776 bafi
645 738 838 791 utrinque
860 738 1103 792 marginatae
1130 734 1370 778 membrana
1398 735 1496 778 alba
1525 739 1570 779 &
1597 738 1649 778 ad
1677 751 1772 778 oras
1795 737 1907 779 lana-

205 814 423 856 to-ciliata.
483 812 718 855 Pedunculi
751 814 1083 866 numerofiss'imi,
1115 814 1275 873 glabri,
1317 823 1398 858 tres
1432 819 1566 857 unciae
1598 824 1738 872 partes
1767 816 1907 874 longi,

203 892 377 943 virides,
408 893 696 948 patentissimi,
727 893 818 949 post
843 895 967 935 flores
990 895 1205 945 deciduos,
1238 892 1389 949 quibus
1408 895 1583 935 necdum
1605 894 1717 950 apud
1740 908 1817 935 nos
1844 894 1903 935 ul-

202 972 265 1014 lus
286 972 444 1014 fructus
474 972 677 1024 successit,
710 972 906 1015 revoluti.
968 969 1119 1014 Petala
1147 973 1407 1023 lanceolata,
1449 970 1619 1023 obtusa,
1650 975 1905 1030 reflexo-pa-

203 1053 449 1103 tentissima,
483 1055 676 1108 utrinque
699 1054 811 1096 flava
832 1067 923 1094 cum
946 1050 1102 1093 lineola
1125 1050 1262 1091 media
1286 1052 1470 1100 virente,
1502 1049 1661 1090 alterna
1680 1053 1758 1091 tria
1780 1065 1904 1108 angu-

201 1131 339 1172 stiora.
402 1130 641 1173 Filamenta
661 1130 862 1183 barbata,
895 1134 1107 1174 flaventia.
1169 1129 1372 1170 Antherae
1392 1129 1599 1184 didymae,
1632 1135 1797 1179 erectae,
1832 1129 1903 1170 fla-

201 1211 428 1255 vescentes.
489 1208 636 1267 Stylus
674 1212 845 1263 eraffus,
879 1218 1062 1262 erectus,
1095 1211 1241 1253 flavus.
1305 1206 1466 1264 Stigma
1487 1206 1682 1262 simplex,
1723 1215 1901 1250 acutum.

999 1343 1119 1408 Dc(

261 1511 685 1558 ANTHERICUM
714 1513 1164 1560 PRAEMORSUM.

333 1696 337 1699 ·
376 1676 534 1720 Crescit
557 1679 609 1720 ad
629 1667 973 1720 promontorium
994 1676 1118 1720 bonae
1147 1676 1262 1733 Spei.
1324 1675 1445 1733 Apus
1472 1690 1549 1717 nos
1579 1678 1703 1717 floret
1736 1674 1897 1717 Martio

200 1758 244 1798 &
274 1755 428 1813 Aprili.
490 1755 653 1799 Totum
693 1757 896 1815 glabrum.
962 1756 1100 1798 Radix
1144 1753 1264 1796 tuber
1301 1753 1355 1794 est
1394 1752 1641 1803 carnosum,
1683 1753 1897 1804 difforme,

196 1838 488 1895 pioemorsum,
521 1837 747 1880 fuscescens
769 1872 780 1889 ‚
813 1839 986 1893 superne
1012 1833 1238 1877 flavescens
1262 1830 1487 1872 &tandem
1508 1828 1747 1882 rubescens,
1780 1828 1892 1872 fibris

195 1917 333 1957 crassis
359 1917 602 1958 radicatum.
665 1914 793 1957 Folia
814 1917 1014 1958 radicalia
1047 1915 1169 1970 plura
1189 1946 1200 1965 ,
1233 1911 1402 1953 disticha
1421 1945 1432 1963 ‚
1475 1918 1612 1970 erecta
1633 1944 1645 1962 ,
1688 1907 1896 1966 sesquipe-

196 1994 308 2036 dalia
338 1994 381 2035 &
414 1993 553 2046 ultra,
587 1994 763 2051 digitum
799 1995 950 2045 crassa,
993 1992 1294 2049 subtriquetra‚
1340 1991 1462 2032 dorso
1497 1988 1665 2040 obtusa,
1698 1992 1834 2030 antice
1871 2004 1897 2030 a

199 2070 281 2113 bafi
312 2072 365 2112 ad
399 2075 560 2128 apicem
591 2088 724 2129 usque
755 2073 1063 2125 canaliculata,
1102 2073 1258 2114 lineata
1278 2105 1291 2122 ,
1332 2069 1494 2112 basibus
1525 2068 1820 2128 vagInantibus
1850 2070 1894 2111 &

196 2159 341 2194 mutuo
377 2152 712 2208 amplexantibus
749 2156 802 2195 ad
837 2168 932 2195 oras
975 2169 1026 2195 ex
1059 2150 1158 2194 albo
1196 2151 1513 2206 tenuissimeque
1553 2147 1891 2199 membranacea,

196 2229 352 2286 aquose
376 2230 579 2286 pulposa,
610 2231 704 2272 hinc
724 2232 848 2274 facile
871 2231 1195 2289 eompress‘ibilia
1216 2232 1260 2272 &
1281 2228 1466 2280 elastica,
1499 2242 1547 2269 ac
1580 2227 1603 2268 fi
1630 2227 1756 2267 essent
1778 2210 1890 2267 *fistu-

193 2309 283 2350 losa
313 2309 355 2350 δι
376 2309 467 2350 solo
496 2316 589 2350 ae'rc
615 2311 788 2366 repleta.
832 2309 994 2367 Scapus
1018 2327 1070 2352 ex
1092 2317 1235 2353 centro
1261 2308 1460 2350 foliorum
1484 2306 1691 2348 attollitur
1714 2312 1888 2354 erectus,
1957 2290 1959 2295 ἲ

192 2397 322 2441 teres,
354 2388 577 2445 pulposus,
610 2389 814 2430 calamum
837 2391 1010 2441 crassus,
1043 2392 1137 2445 qui,
1178 2389 1276 2430 dum
1308 2388 1362 2429 ad
1399 2387 1659 2428 altitudinem
1686 2384 1887 2426 foliorum

193 2471 410 2525 pervenit,
442 2469 563 2526 supra
591 2469 683 2512 hece
706 2470 922 2513 successive
946 2469 1192 2525 producitur
1226 2470 1268 2509 in
1297 2480 1507 2525 racemum
1536 2465 1700 2506 tandem
1733 2462 1885 2517 sesqui-

367 2550 371 2553 ’
1635 2539 1828 2598 pedalem
