2436 3246
1811 309 1867 353 79

900 416 1102 460 DXCIH

229 572 752 620 ORNJTHOGALUM
778 570 1271 616 POLYPHYLLUM.

338 731 495 775 Crescit
517 732 571 773 ad
594 728 938 773 promontorium
962 727 1088 771 bonae
1117 726 1221 790 Spei
1242 743 1256 781 3
1288 729 1442 770 florens
1479 727 1591 784 apud
1621 741 1697 770 nos
1723 726 1861 781 Maio.²

167 807 329 852 Totum
347 807 551 867 glabrum.
612 805 775 849 Bulbus
811 814 963 850 ovatus
985 840 997 859 ,
1038 807 1278 850 fuscescens.
1337 807 1466 850 Folia
1492 806 1691 849 radicalia
1724 821 1862 848 nume-

164 888 277 939 rosa,
309 903 361 929 ex
386 886 470 930 basi
493 877 714 930 latiuscula
734 887 931 939 linearia,
980 894 1125 938 acuta,
1166 889 1452 944 integerrima,
1493 885 1732 936 carnosula,
1773 882 1862 926 sub-

164 974 229 1008 tus
265 969 437 1016 teretia,
478 969 614 1008 antice
646 963 1024 1016 subcanaliculata‚
1068 965 1364 1017 erecfiuscula,
1406 964 1596 1023 angusta,
1638 971 1738 1005 octo
1767 963 1861 1020 plus

164 1047 296 1085 minus
332 1045 472 1084 uncias
514 1042 655 1099 longa.
716 1039 878 1099 Scapus
913 1056 1016 1083 unus
1037 1078 1049 1097 ,
1092 1045 1251 1087 alterve
1274 1078 1287 1096 ‚
1326 1053 1435 1086 teres
1456 1077 1469 1096 ,
1519 1043 1634 1086 foliis
1666 1041 1861 1091 crassior,

165 1131 348 1175 erectus,
381 1123 553 1178 superne
574 1120 807 1162 racemosus
839 1121 884 1163 ὅτ
907 1124 1148 1178 angulatus‚
1179 1121 1494 1179 sesquipedalis„
1554 1119 1748 1162 Bracteae
1779 1119 1863 1160 lan-

163 1203 367 1256 ceolatae,
403 1211 562 1254 acutae,
595 1203 771 1253 virides,
803 1201 1019 1258 pedicellis
1039 1202 1169 1259 paulo
1192 1200 1421 1245 breviores,
1481 1197 1684 1242 Pedicelli
1713 1196 1861 1254 patuli,

166 1298 191 1324 a
211 1282 366 1338 septem
394 1282 445 1322 ad
473 1281 640 1331 decem,
674 1279 870 1320 unciales.
930 1278 1083 1322 Flores
1100 1280 1267 1332 colore,
1309 1279 1590 1337 magnitudine
1612 1311 1624 1330 ,
1666 1276 1862 1318 structura

166 1362 212 1403 &
244 1360 533 1403 suaveolentia
571 1374 665 1400 cum
690 1356 976 1414 Ornithogalo
1017 1359 1276 1404 suaveolenti
1308 1361 1351 1399 in
1384 1356 1599 1402 volumine
1631 1355 1765 1398 altero
1794 1355 1862 1396 de—

156 1440 303 1495 scripti
326 1441 591 1484 conveniunt.

906 1593 1119 1638 Dxcrvss.

214 1748 744 1797 :ORNITHOGALUM
773 1720 1136 1796 SECUNDUM.

332 1909 497 1954 Crescit
517 1910 571 1952 ad
591 1906 935 1966 Promontorium
956 1907 1081 1950 bonae
1109 1907 1223 1966 Spei.
1286 1908 1436 1952 Floret
1464 1911 1579 1967 apud
1608 1922 1685 1951 nos
1716 1908 1860 1968 Augu·

167 1993 226 2036 sto
251 1991 565 2048 &Septembri.
626 1988 789 2033 Bulbus
808 1987 1108 2039 subrotundus‚
1149 1985 1337 2039 albidus,
1379 1991 1611 2036 tunicatus,
1653 1987 1860 2031 avellanae

165 2070 458 2128 magnitudine.
520 2067 649 2110 Folia
672 2069 837 2110 demum
871 2067 942 2110 sub
972 2068 1095 2109 finem
1117 2064 1318 2108 Octobris
1349 2066 1590 2123 prodeunt,
1631 2064 1861 2108 Decembri
1882 2081 1884 2084 ·

167 2150 338 2201 adulta)
371 2148 504 2205 plura,
528 2155 690 2200 erecta,
724 2163 749 2189 a
778 2145 907 2188 tribus
927 2146 981 2187 ad
1013 2146 1199 2200 qulnque
1221 2147 1363 2186 uncias
1392 2145 1543 2203 longa,
1586 2144 1857 2198 sublimaria,

167 2235 291 2270 acuto
317 2229 436 2282 apice
458 2225 732 2276 fornicatula‚
765 2239 888 2268 unam
908 2231 1099 2281 quartam
1125 2226 1257 2264 unciae
1278 2230 1441 2280 partem
1474 2224 1584 2275 lata,
1617 2223 1765 2268 leviter
1793 2239 1858 2265 ca-

165 2306 392 2354 naliculata
414 2339 427 2358 ,
468 2305 521 2346 ad
556 2318 651 2346 oras
680 2304 1203 2361 cartilagineo-muricata,
1245 2306 1437 2359 utrinque
1474 2300 1633 2361 glabra.
1694 2300 1856 2358 Scapus

166 2386 236 2428 diu
258 2391 352 2425 ante
374 2381 480 2422 folia
501 2380 728 2432 attollitur,
760 2388 890 2433 teres,
920 2382 1084 2438 gracilis
1095 2414 1108 2433 ,
1139 2389 1314 2434 erectus,
1344 2379 1512 2440 glaber,
1543 2382 1855 2439 purpurascens,

169 2477 263 2506 rore
285 2461 437 2520 glauco
464 2466 621 2512 tectus,
654 2465 836 2513 quatuor
855 2460 925 2504 vel
950 2464 1136 2518 quinque
1159 2464 1302 2505 uncias
1322 2462 1471 2519 longus
1486 2494 1500 2515 ,
1527 2460 1709 2504 definens
1728 2462 1769 2501 in
1793 2473 1855 2500 ra-

1641 2552 1800 2580 cemum
