2436 3246
1835 303 1890 350 43

197 417 421 473 crassisque
442 414 555 458 fibris
578 414 813 466 radicatus;
844 411 1024 467 squamis
1054 410 1256 462 carnosis,
1289 411 1450 463 crassis,
1483 410 1603 452 succo
1631 408 1889 468 turgenribus

199 497 466 541 veficatorio.
528 493 655 535 Folia
685 491 777 548 post
801 491 968 553 scapum
1003 492 1217 547 prodeunt
1246 506 1383 548 pauca
1405 526 1416 544 ,
1449 492 1910 544 lanceolam-linearia,

201 576 395 627 acutula,
427 575 713 631 integerrima,
746 570 899 622 nitida,
931 567 1017 611 bafi
1039 569 1254 627 angustata
1287 570 1420 613 veluti
1448 573 1489 612 in
1520 572 1726 628 petiolum
1758 574 1910 615 canali-

201 656 409 707 culatum,
442 661 604 704 erecta,
636 652 734 693 laete
759 652 960 702 virentia,
993 663 1124 693 nervo
1141 652 1281 694 medio
1302 650 1443 694 subtus
1463 651 1786 710 protuberante‚
1820 653 1912 694 lon-

200 738 322 792 giora
354 729 700 789 quadriuncialia.
775 727 940 785 Scapus
976 729 1029 770 ad
1060 729 1168 773 folia
1206 732 1393 775 lateralis
1415 767 1427 786 ,
1477 735 1643 792 gracilis
1669 768 1681 787 ,
1724 741 1910 784 erectus,

203 814 461 862 ati-ovirens,
494 810 597 859 duas
618 816 761 852 tresve
794 812 936 850 uncias
959 809 1108 867 longus
1131 845 1143 863 ,
1195 811 1367 869 superne
1398 813 1646 856 racemosus.
1708 811 1915 855 Pedicelli

203 893 393 943 uniflori,
426 890 587 947 patuli,
620 889 783 933 breves.
845 886 1029 930 Bractea
1051 889 1104 930 ad
1125 888 1204 931 hos
1227 890 1431 947 fingulos,
1466 891 1508 932 &
1540 905 1622 932 una
1652 890 1840 934 alterave
1870 894 1913 931 in

204 970 329 1026 scapo
351 968 459 1011 infra
478 983 714 1020 racemum,
748 968 1011 1021 lanceolata,
1044 975 1191 1019 acuta,
1225 983 1372 1025 parva.
1406 966 1585 1009 Corolla
1606 969 1798 1012 viridula.
1844 968 1915 1010 Fi-

201 1051 387 1092 lamenta
408 1048 518 1091 alba.
583 1047 788 1091 Antherae
810 1049 1012 1091 castaneae
1039 1062 1132 1097 cum
1163 1046 1324 1103 polline
1362 1045 1491 1089 luteo.
1555 1045 1741 1090 Germen
1766 1049 1913 1092 viride.

204 1129 352 1187 Stylus
381 1131 541 1172 roseus.

207 1269 329 1313 CAL,
366 1270 518 1312 nullus.
927 1305 939 1316 ,

166 1330 169 1335 Γ
207 1347 330 1392 COR.
364 1348 662 1405 monopetala‚
695 1347 841 1391 infera.
906 1346 1057 1391 Tubus
1082 1347 1235 1392 brevis.
1295 1347 1474 1390 Limbus
1505 1348 1720 1400 sexfidus3
1752 1346 1913 1388 laciniis

321 1428 816 1471 lineari-cuneiformibus
838 1463 851 1482 ,
894 1429 1096 1472 obtusulis
1117 1462 1130 1480 ,
1179 1428 1352 1484 superne
1383 1442 1532 1484 parum
1564 1429 1793 1478 concavis,
1834 1424 1918 1467 basi

322 1511 365 1549 in
387 1506 531 1550 tubum
561 1511 732 1560 erectis,
765 1509 861 1550 dein
883 1507 1376 1564 reflexo-patentissimis,
1409 1507 1558 1566 longis.

209 1587 370 1631 STAM.
404 1587 644 1629 Filamenta
663 1586 753 1639 sex,
785 1586 1026 1639 filiformia,
1059 1595 1219 1639 erecta,
1251 1587 1384 1644 paulo
1412 1584 1610 1629 breviora
1631 1585 1818 1639 corolla,
1850 1601 1921 1628 cun

322 1670 385 1721 jus
408 1668 569 1709 laciniis
591 1668 645 1709 acl
666 1665 778 1708 basin
800 1666 962 1708 inserta.
1023 1663 1230 1708 Antherae
1255 1664 1476 1724 oblongae,
1508 1664 1809 1708 incumbentes.

207 1743 343 1789 PIST.
379 1744 564 1788 Germen
588 1754 787 1799 ovatum3
826 1749 1107 1801 triquetrum,
1148 1743 1351 1799 superum.
1413 1741 1561 1799 Stylus
1592 1741 1827 1793 filiformis,
1858 1744 1919 1783 in-

323 1825 440 1868 ferne
471 1826 704 1874 trisulcatus
723 1860 735 1878 ,
784 1834 945 1868 erectus
965 1859 980 1878 ,
1020 1823 1280 1882 longitudine
1314 1821 1543 1864 staminum.
1604 1818 1769 1879 Stigma
1795 1818 1923 1861 ohta-2

323 1904 432 1957 sum,
465 1902 654 1946 obsolete
675 1905 870 1948 trifidum.
891 1962 896 1969 η

208 1984 325 2028 PER.
360 1983 557 2042 Capsula.
621 2020 631 2029 .
694 2018 704 2027 .

212 2063 326 2108 SEM.
360 2066 495 2121 plura.
558 2100 568 2109 .
636 2097 646 2110 ,

980 2169 1153 2215 DLXL

274 2278 519 2324 CRINUM
549 2267 937 2322 TENELLUM.'

331 2385 507 2441 Planta,
541 2402 638 2445 quae
659 2386 741 2429 hoc
762 2388 885 2430 titulo
915 2388 1027 2446 apud
1056 2386 1279 2429 Linnaeum
1307 2390 1446 2439 venit,
1478 2389 1520 2428 in
1548 2384 1690 2428 Horto
1717 2384 1918 2428 Kewensi

216 2485 244 2513 a
268 2465 405 2511 Crmis
425 2470 572 2510 merito
593 2467 797 2524 separata,
831 2468 875 2510 &
894 2466 964 2509 sub
990 2465 1171 2521 Leucoji
1193 2466 1375 2510 strumosi
1398 2471 1565 2510 nomine
1583 2467 1799 2525 proposita
1818 2466 1919 2507 fuit..

986 2545 1025 2587 F
1058 2559 1083 2590 2
1741 2544 1783 2587 H
1789 2548 1858 2586 uic
