2436 3246
529 302 611 347 154

530 414 630 450 octo
653 408 704 450 ad
727 407 962 464 quindecim
982 440 994 459 ,
1033 405 1221 465 ligulatae
1241 438 1254 458 ,
1295 411 1455 457 acutae,
1498 406 1774 463 integerrimae
1805 403 1875 447 vel
1905 401 2159 459 buleutam,
2189 407 2237 450 li·

529 502 675 530 neares
704 487 776 531 vel
805 488 935 544 paulo
967 491 1098 545 magis
1128 486 1404 535 lanceolatae,
1437 482 1642 541 angustae,
1675 496 1750 538 per
1783 480 1937 522 lentem
1970 486 2165 539 utrmque
2196 486 2241 526 &

532 568 585 610 ad
610 581 705 609 oras
727 566 912 618 villosae,
943 565 1309 622 reflexo-patulae,
1341 564 1464 620 supra
1492 565 1969 615 miniato-aurantiacae,
2001 562 2141 606 subtus
2160 564 2242 606 sor-

529 648 627 690 dide
647 646 869 703 pallentes.
931 644 1010 687 His
1043 643 1227 687 Germen
1270 641 1666 700 lineari-oblongum
1691 676 1703 694 ‚
1744 643 2047 699 compressum,
2078 657 2243 700 parum·

528 743 605 784 per
629 740 886 777 concavum,
918 724 1127 774 ciliatum,
1158 721 1278 763 nullo
1315 721 1439 762 dente
1471 729 1733 764 coronatum.
1795 720 1908 779 Styli
1939 719 2074 779 glabri
2105 720 2245 779 stigma

530 806 727 856 bifidum,
761 811 933 860 patens,
978 803 1146 844 flavum*
1211 797 1449 841 Corollulae
1480 798 1839 854 hermaphroditae
1870 802 1912 841 in
1942 800 2058 842 disco
2093 804 2244 844 conico

533 884 700 945 plures,
731 883 917 934 fertiles,
948 878 1386 930 infundibuliformeS,
1420 878 1730 934 quinquefidae,
1763 881 1958 935 utrinque
1979 879 2166 931 villosae,
2187 883 2247 922 in-

531 975 597 1008 tus
630 967 786 1014 flavae,
828 962 934 1005 foris
968 961 1108 1003 fuscae
1171 957 1357 1001 Germen
1395 956 1648 1015 oblongum,
1690 961 1972 1014 triquetrum,
2020 957 2246 1012 hirsutum;

533 1049 575 1089 in
598 1058 680 1086 uno
704 1042 857 1100 angulo
880 1046 1128 1082 coronatum
1150 1036 1271 1080 arista
1297 1037 1559 1094 longitudine
1578 1036 1702 1093 ipsius
1724 1037 1969 1088 coronulae,
2001 1040 2042 1079 in
2072 1039 2246 1095 reliquis

534 1122 702 1167 duobus
723 1122 883 1179 angulis
903 1118 1115 1160 denticulo
1140 1118 1358 1159 dumtaxat
1378 1114 1509 1158 brevi.
1571 1111 1717 1155 Paleae
1738 1113 1940 1167 lineares,
1974 1113 2157 1169 obtusae,
2190 1118 2248 1160 al-

539 1203 678 1254 hidae,
712 1204 832 1258 apice
855 1200 1067 1257 fuliginea:
1094 1197 1138 1239 &
1163 1195 1537 1246 ciliato-dentatae,
1569 1194 1838 1236 connivendo
1865 1194 2154 1250 amplexantes
2177 1197 2248 1239 [in-

534 1283 647 1343 gulae
667 1280 900 1323 flosculum.
961 1275 1132 1320 Semina
1154 1272 1509 1330 hermaphroditis
1539 1273 1584 1316 &
1607 1271 1812 1326 faeminis‚
1844 1276 1905 1316 uti
1931 1273 2021 1316 sunt
2049 1280 2248 1333 germina.

1255 1428 1534 1475 DCLXVIL

600 1591 967 1640 RUDBECKIA
997 1588 1232 1634 ALATA

715 1751 876 1796 Crescit
897 1751 951 1793 ad
974 1749 1182 1806 Mffiffipi.
1243 1746 1330 1791 Sub
1364 1748 1436 1790 dio
1472 1752 1586 1808 apud
1619 1765 1697 1794 nos
1735 1753 1859 1793 floret
1896 1758 2031 1793 totam
2059 1750 2254 1794 aestatem.

547 1832 689 1876 Radix
709 1830 895 1881 ramosa,
928 1843 1079 1871 annua.
1141 1826 1288 1870 Cauiis
1320 1826 1557 1885 bipedalis,
1589 1838 1776 1883 erectus,
1807 1838 1938 1881 teres,
1972 1830 2134 1871 calamo
2165 1829 2255 1887 gra‘·

550 1913 691 1964 cilior,
722 1918 837 1952 totus
858 1909 997 1951 alatus
1020 1909 1062 1950 δι
1084 1906 1261 1949 foliosus
1277 1940 1289 1959 ,
1320 1907 1494 1964 superne
1508 1910 1555 1949 in
1574 1921 1712 1948 ramos
1735 1907 1779 1949 &
1798 1906 2060 1962 pedunculos
2083 1910 2256 1962 panicu-

545 1994 672 2035 latus.
734 1990 858 2032 Folia
893 1991 981 2032 sunt
1014 1989 1208 2039 alterna,
1247 1984 1725 2043 lanceolam-oblonga,
1776 1985 1947 2027 acutula
1969 2019 1981 2037 ,
2024 1989 2154 2043 magis
2185 1989 2258 2028 mi-

548 2087 681 2116 nusve
703 2070 951 2127 pinnatifida
971 2103 983 2121 ,
1024 2068 1173 2109 feffilia
1192 2100 1205 2120 ,
1250 2067 1511 2108 decurrentia
1532 2097 1545 2116 ,
1590 2065 1643 2105 ad
1674 2064 1829 2106 lentem
1860 2062 1999 2105 subtus
2032 2071 2257 2119 punctata,

552 2153 655 2193 duas
677 2157 815 2191 tresve
835 2149 979 2187 uncias
1009 2144 1135 2201 longa
1155 2177 1167 2196 ‚
1209 2144 1363 2185 summa
1392 2145 1668 2201 integerrima.
1729 2141 1963 2185 Pedunculi
1995 2146 2149 2195 erecti,
2181 2151 2261 2185 ter·

553 2227 752 2278 minales,
777 2223 977 2274 striatuli,
1001 2223 1192 2264 Auniflori.
1256 2219 1400 2263 Caulis
1415 2254 1428 2273 ,
1458 2224 1584 2274 rami,
1617 2222 1842 2278 pedunculi
1864 2223 1907 2264 δι
1936 2221 2044 2264 folia
2065 2226 2261 2280 utrinque

555 2308 608 2349 ad
630 2306 784 2347 lentem
803 2299 999 2346 villosula
1018 2298 1121 2341 sunt.
1182 2296 1300 2341 Tota
1320 2302 1480 2357 ingrate
1510 2299 1797 2342 subbalsamici
1825 2301 1967 2343 odoris
1998 2299 2064 2343 est.
2131 2299 2260 2358 Caly-

556 2389 614 2428 cis
635 2383 774 2427 brevis
800 2383 842 2424 &
865 2384 1037 2426 virentis
1070 2381 1252 2437 squamae
1282 2380 1371 2422 sunt
1399 2380 1672 2433 sublineares,
1715 2387 1878 2432 acutae,
1917 2381 2113 2432 reflexae,
2145 2383 2260 2422 circi-

557 2471 620 2506 ter
651 2462 885 2505 duodecim.
944 2460 1072 2504 Radit
1113 2463 1307 2505 flaventis
1353 2461 1573 2504 corollulae
1613 2463 1776 2503 circiter
1805 2460 2061 2512 duodecim,
2102 2457 2262 2500 inferne

2063 2536 2204 2580 subtus
