2436 3246
522 298 575 341 70

523 397 822 451 vescentibus3
855 397 962 456 stylo
984 395 1138 451 rubro,
1172 397 1215 440 &
1237 396 1410 454 superne
1443 391 1556 438 albo.
1617 392 1798 436 Fructus
1829 393 1962 450 figura
1996 405 2121 447 quam
2152 406 2237 433 ma-

525 484 635 523 xime
655 479 857 522 diffimilis
885 495 908 520 a
932 481 1139 537 germine,
1171 477 1321 534 saepius
1353 477 1431 518 [ine
1462 476 1577 515 omni
1604 472 1719 514 sulco
1750 479 1872 513 teres.
1934 468 2106 512 Semina
2139 486 2241 526 pau-

526 559 683 601 cissima
707 557 759 599 ad
780 558 1064 598 maturitatem
1084 558 1335 612 perveniunt
1354 569 1368 607 3
1400 554 1511 611 saepe
1534 555 1714 603 unicum,
1747 557 1882 591 totam
1908 556 2006 590 tunc
2029 547 2240 604 capsulam

528 638 733 697 implens,
765 637 899 681 veluti
924 636 1252 687 unilocularem‚
1285 640 1461 692 propter
1484 630 1687 673 destructa
1718 636 1815 670 tunc
1848 627 1900 670 ab
1933 635 2059 670 aucto
2090 628 2242 670 semine

528 720 831 776 dissepimenta.
895 716 1005 761 Hinc
1033 715 1203 771 capsula
1231 714 1430 756 rarissime
1460 711 1557 753 talis
1588 709 1644 751 est
1668 743 1681 761 ,
1724 708 1895 765 qualem
1928 711 1969 750 in
2001 708 2243 752 charactere

527 802 722 859 generico
745 795 997 848 describam,
1031 795 1074 836 &
1096 793 1235 850 qualis
1256 807 1308 835 ex
1329 794 1524 850 germinis
1546 790 1745 832 structura
1764 790 1923 846 semper
1946 789 2025 831 esse
2056 786 2242 831 deberet.

526 877 722 921 Bracteae
757 875 911 918 steriles
940 878 980 917 in
1010 873 1088 915 hac
1120 873 1280 930 specie,
1323 876 1384 914 uti
1419 871 1462 912 δι
1493 873 1535 912 in
1567 868 1831 913 Lachenalia
1873 871 2020 927 patula
2041 905 2054 922 ‚
2096 878 2245 913 contra

528 973 690 1000 mOl‘enl
712 963 991 1016 &Ongenerum
1015 953 1143 998 nullae
1165 967 1376 996 racemum
1396 954 1633 994 terminant.

530 1114 651 1158 CAL.
686 1115 836 1157 nullus.

536 1193 658 1238 COR.
691 1192 844 1236 Petala
864 1193 954 1245 seX,
988 1190 1204 1250 oblonga,
1248 1189 1424 1241 obtusa,
1460 1191 1581 1244 apice
1612 1188 1771 1229 inflexo
1802 1186 1845 1228 &
1873 1186 2032 1229 calloso
2067 1188 2247 1232 fornica-

646 1274 761 1326 tula,
794 1276 936 1315 omnia
969 1273 1155 1330 aequalia
1187 1273 1231 1314 &
1259 1269 1484 1321 simillima,
1517 1271 1597 1310 tria
1631 1271 1843 1315 exteriora
1874 1266 2034 1309 inferne
2067 1277 2251 1311 connata

645 1368 739 1394 cum
758 1352 890 1394 tribus
910 1351 1202 1404 interioribus,
1235 1351 1358 1407 supra
1383 1350 1698 1389 concretionem
1730 1348 1872 1388 omnia
1896 1350 2072 1402 primum
2105 1357 2251 1404 paten-

644 1432 820 1483 tissima,
853 1432 949 1472 dein
973 1432 1132 1473 reflexa
1152 1445 1167 1484 3
1199 1430 1368 1472 tandem
1388 1432 1540 1472 iterum
1563 1436 1704 1471 erecta
1735 1429 1779 1471 &
1810 1428 2021 1470 emarcida
2040 1427 2249 1484 persisten—

645 1512 706 1550 tia
723 1511 772 1553 ,in
791 1508 944 1550 fructu.

532 1588 692 1633 ST'AM.
727 1588 966 1630 Filamenta
986 1587 1076 1640 sex,
1110 1601 1162 1628 ex
1182 1584 1265 1628 bafi
1287 1587 1527 1643 petalorum
1560 1593 1683 1639 orta,
1715 1583 1933 1640 subulata,
1965 1594 2127 1640 erecta,
2159 1586 2251 1630 lon-

646 1667 833 1726 gitudine
858 1666 1049 1709 corollae.
1110 1664 1316 1709 Antherae
1336 1666 1560 1725 oblongae,
1593 1673 1760 1708 erectae.

533 1743 669 1789 PIST.
704 1744 890 1788 Germen
921 1746 1137 1802 superum,
1168 1747 1468 1803 pedicellatum
1491 1780 1505 1799 ,
1544 1746 1631 1788 late
1671 1748 1888 1797 conicum,
1929 1733 2252 1799 obtufillimiim,

650 1826 934 1868 sexsulcatum.
995 1824 1143 1882 Stylus
1164 1824 1401 1880 subulatus,
1432 1826 1712 1877 sexsulcatus,
1757 1832 1943 1878 erectus,
1985 1823 2253 1882 longitudine

650 1905 877 1948 staminum.
927 1900 1099 1964 'Stigma
1129 1905 1318 1949 obsolete
1339 1907 1546 1958 trifidum,
1578 1908 1838 1947 muricatum.

535 1985 652 2031 PER.
687 1985 870 2046 Capsula
900 1987 1110 2046 oblonga,
1153 1986 1427 2040 obtufisrima,
1459 1984 1638 2039 triloba,
1682 1984 1944 2037 sexsulcata,
1986 1983 2253 2043 longitudine

604 2068 621 2086 “·
654 2066 855 2119 corollae,
887 2067 1167 2119 trilocularis,
1198 2067 1406 2111 trivalvis.

542 2143 661 2189 SEM.
693 2149 735 2189 in
761 2145 955 2203 quolibet
990 2146 1280 2189 loculamento
1302 2148 1492 2204 gemina,
1525 2144 1738 2206 oblonga,
1770 2149 1933 2190 teretia.

1906 2534 2195 2583 DLXXXV.
