2436 3246
1899 301 1917 316 Ἰ

961 400 1170 445 DLXXI.

224 559 490 605 HYPOXIS
522 557 806 603 PLICATA.
869 558 996 602 Limz.
1008 557 1123 615 syst
1139 573 1247 617 pag.
1265 558 1366 616 326.
1398 559 1489 602 Ait.
1519 559 1621 603 kew.
1651 574 1684 602 1.
1691 574 1795 617 pag.
1815 567 1912 618 438.

217 638 255 681 F
258 641 414 684 abricia
432 643 602 699 plicata.
675 637 833 682 Tlmnb.
855 638 900 681 in
926 637 1098 680 Fabric.
1122 637 1169 678 it.
1189 650 1306 678 norz’.
1322 650 1427 693 pag.
1448 649 1514 692 29.

383 796 547 855 Sponte
568 798 710 840 crescit
733 797 786 839 ad
804 795 1151 839 promontorium
1182 792 1308 836 bonae
1341 792 1456 851 Spei.
1518 792 1668 836 Floret
1698 794 1810 851 apud
1833 807 1910 835 nos

209 881 250 920 in
288 878 474 920 caldario
509 877 644 919 mense
674 876 877 935 Augusto.
939 873 1101 917 Bulbus
1130 873 1406 916 subrotundus
1427 909 1439 926 ,
1481 875 1722 930 depressus,
1764 872 1907 924 albus,

206 957 384 1009 solidus,
418 958 511 1014 plus
536 960 667 999 minus
691 958 864 1001 uncialis
890 957 1103 1007 diametri,
1136 954 1257 996 alteri
1281 953 1412 996 bulbo
1433 955 1580 995 effoeto
1610 953 1812 1009 fuscoque
1835 956 1906 994 im-

206 1036 390 1092 positus,
424 1043 599 1091 uterque
626 1035 759 1076 eidem
783 1037 934 1076 tunicae
955 1034 1187 1076 reticulatae
1208 1033 1420 1089 suscaeque
1444 1032 1635 1074 inclusus.
1701 1033 1827 1076 Folia
1844 1050 1905 1076 ra·
1940 1018 1943 1022 λ

205 1114 358 1155 dicalia
383 1116 543 1155 circiter
567 1121 748 1169 quatuor
769 1147 781 1164 ,
815 1112 1069 1166 enfiformia,
1103 1121 1247 1165 acuta,
1289 1115 1575 1170 integerrima,
1616 1113 1742 1154 valde
1774 1113 1902 1168 plica-

201 1199 266 1243 ta,
300 1197 462 1242 erecta,
495 1207 519 1232 a
542 1191 609 1232 sex
630 1192 683 1232 ad
714 1191 857 1231 decem
884 1194 1024 1231 uncias
1055 1190 1181 1246 longa
1215 1203 1423 1244 unamque
1445 1187 1515 1231 vel
1552 1188 1595 1229 &
1625 1189 1728 1231 duas
1760 1194 1902 1232 uncias

199 1270 309 1322 lata,
343 1274 536 1325 utrinque
555 1268 724 1326 glabra,
759 1270 802 1310 &
835 1271 888 1311 ad
923 1270 1076 1310 lentem
1105 1278 1195 1311 tota
1219 1272 1383 1325 punctis
1410 1268 1632 1324 pellucidis
1662 1269 1816 1312 referta
1848 1270 1900 1311 ad

203 1362 384 1404 orasque
402 1347 598 1391 villosula
618 1363 632 1399 5
665 1351 804 1389 omnia
827 1347 908 1389 baffi
932 1348 1229 1404 comprehensa
1252 1350 1413 1404 vaginis
1444 1349 1590 1402 paucis
1619 1345 1901 1399 radicalibus,

197 1427 465 1483 cylindricis,
496 1425 674 1485 glabris,
708 1426 859 1468 albidis
881 1443 974 1469 cum
1003 1430 1090 1468 oris
1121 1427 1232 1482 saepe
1262 1425 1407 1476 fuscis,
1439 1423 1705 1465 interioribus
1733 1424 1898 1483 longio-

197 1506 333 1560 ribus,
364 1508 579 1563 modoque
599 1507 731 1551 bi-v‘el
744 1506 1067 1558 triundalibus,
1100 1506 1228 1547 modo
1261 1501 1594 1559 semipedalibus.
1653 1501 1782 1561 Scapi
1810 1508 1897 1546 uni-

197 1588 316 1639 flori,
348 1587 463 1629 foliis
490 1587 727 1641 breviores,
759 1589 974 1643 triquetri,
1016 1584 1174 1643 glabri,
1214 1584 1382 1636 tenelli,
1425 1582 1608 1636 debiles,
1648 1587 1755 1626 inter
1786 1584 1895 1627 solia

194 1665 414 1709 success'ive
434 1667 690 1722 prodeuntes
721 1666 923 1722 plusculi,
956 1663 1008 1706 ab
1035 1665 1180 1705 iisdem
1214 1662 1419 1705 sustentati
1450 1664 1493 1705 &
1523 1666 1672 1715 erecti,
1705 1662 1818 1716 albi,
1850 1667 1891 1705 in

192 1741 346 1799 quibus
365 1744 523 1786 nullam
544 1743 755 1787 bracteam
779 1753 851 1787 aut
881 1745 1070 1802 spatham
1097 1742 1331 1786 observavi.
1393 1739 1545 1784 Floies
1583 1742 1890 1794 suaveolentes,

198 1821 352 1877 petalis
379 1821 502 1864 luteis
528 1823 660 1874 facie,
692 1822 815 1864 dorso
843 1822 1055 1875 viridulis,
1089 1820 1355 1873 uncialibus,
1386 1821 1568 1862 anthei-is
1600 1822 1720 1864 flavis
1736 1835 1750 1873 3
1783 1820 1888 1878 stylo

187 1913 240 1940 ex
266 1901 381 1943 flavo
409 1899 598 1956 pallente
616 1914 644 1952 5.
660 1904 844 1958 germine
865 1899 1077 1944 biunciali.
1139 1899 1421 1954 Quantumvis
1462 1903 1687 1957 quotannis
1717 1901 1888 1957 copiose

186 1964 358 2030 floreat,
389 1980 556 2018 unicum
586 1977 667 2020 huc
688 1994 820 2035 usque
842 1987 937 2021 ante
966 1989 1147 2038 quatuor
1170 1995 1300 2023 annos
1321 1980 1499 2022 fructum
1521 1979 1698 2037 perfecit
1714 1995 1728 2032 5
1761 1994 1887 2035 quem

187 2057 282 2098 dum
308 2057 360 2098 ad
383 2060 614 2113 pictorem,
649 2062 722 2115 qui
750 2060 1018 2119 depingeret,
1050 2061 1257 2112 miseram,
1291 2059 1383 2116 post
1404 2059 1594 2101 ,triduum
1627 2060 1792 2101 demum
1820 2074 1881 2100 re-

184 2135 341 2175 missum
362 2136 411 2177 fic
432 2139 570 2180 inveni
594 2139 825 2196 collapsum
843 2145 1215 2196 imminutumque,
1247 2145 1291 2180 ut
1325 2137 1604 2179 loculamenta
1640 2137 1881 2196 distinguere

182 2227 267 2255 non
295 2220 518 2270 potuerim.
577 2216 717 2275 Pulpa
748 2226 835 2261 erat
867 2235 1005 2276 aquea
1040 2222 1082 2263 δε
1115 2226 1231 2278 grate
1265 2217 1372 2259 acidi
1407 2216 1579 2272 saporis.
1641 2215 1809 2259 Semina
1839 2220 1877 2258 in

182 2294 319 2336 fructu
342 2303 495 2352 vegeto
517 2294 799 2352 pellucebant.

186 2449 304 2494 CAL.
338 2452 486 2495 nullus,

1690 2530 1810 2574 COR.
