2436 3246
513 245 540 289 8

512 354 650 398 losuli.
711 353 838 397 Folia
861 353 949 395 sunt
969 351 1155 402 alterna,
1193 347 1283 390 fere
1314 346 1485 390 disticha
1502 371 1524 401 ,·
1547 347 1700 405 plana,
1742 352 1895 398 ovata,
1937 352 2083 399 acuta,
2114 348 2218 389 inte·

514 439 715 494 gemma,
746 433 930 484 venosa,
962 433 1178 481 coriacea,
1209 425 1355 485 glabra
1383 442 1475 470 cum
1504 442 1637 472 nervo
1665 427 1805 469 medio
1832 425 1985 467 dorsali
2012 427 2217 481 venisque

516 512 773 572 principibus
796 510 1021 561 vil-losulis,
1054 520 1184 551 nervo
1206 506 1347 547 medio
1368 508 1410 548 in
1442 506 1549 548 facie
1575 506 1725 564 saepius
1754 505 1954 557 rubente,
1985 507 2140 563 pagina
2161 508 2220 546 in-

514 596 668 635 teriore
690 592 741 634 ad
765 590 875 633 basin
902 591 1034 632 multo
1054 587 1264 639 breviore,
1301 585 1466 641 petiolo
1489 589 1530 627 in
1550 600 1792 628 mucronem
1811 584 2035 643 rigidulum
2056 583 2220 627 subula-

513 678 601 712 tum
636 670 679 711 δι
708 671 932 709 innocuum
965 667 1072 708 ultra
1100 668 1298 723 paginam
1329 664 1541 721 producto
1563 697 1577 716 ,
1621 662 1819 720 longiora
1847 662 2220 719 quinqueuncialia

516 765 607 792 cum
628 747 791 805 petiolo
816 745 967 790 villoso
986 743 1310 802 purpurascente
1334 743 1377 785 &
1397 740 1525 791 'unam
1547 745 1713 784 tertiam
1733 746 1866 784 unciae
1888 751 2049 800 partem
2072 743 2220 801 longo.

510 825 639 886 Spica
660 825 970 883 oppositifolia,
1002 824 1210 890 solitaria,
1243 812 1406 876 erecta,
1438 837 1619 880 pennam
1643 821 1927 880 columbinam
1951 796 2100 874 cffiffa,
2133 829 2228 863 tres·

514 915 749 965 quatuorve
770 907 914 946 uncias
934 904 1075 961 longa,
1109 903 1242 944 odore
1264 902 1425 944 dianthi
1449 902 1722 960 caryophylli
1740 902 1934 958 praedita,
1965 902 2123 958 pallide
2145 904 2218 944 fla-

513 987 703 1037 vescens,
735 982 947 1040 pedicello
969 982 1145 1023 insidens
1165 981 1285 1026 brevi
1312 985 1443 1027 crass'o
1472 984 1625 1028 villoso
1665 984 1708 1025 &
1737 980 1916 1023 rubenti.
1977 980 2014 1022 F
2017 981 2220 1023 ilamenta

513 1069 623 1120 duo,
654 1068 826 1117 teretia,
868 1062 1139 1114 brevissima,
1181 1065 1301 1118 apice
1333 1060 1508 1120 globose
1538 1064 1782 1116 incrassata,
1825 1063 2024 1114 decidua,
2071 1069 2220 1104 mutuo

514 1146 793 1188 succedentia.
855 1142 1061 1185 Antherae
1087 1145 1129 1183 in
1153 1139 1348 1197 quolibet
1374 1142 1577 1184 filamenti
1598 1147 1735 1200 capite
1763 1146 1964 1201 geminae,
1997 1140 2222 1199 oblongae,

506 1221 703 1275 sulcatae,
745 1223 903 1272 flavae,
943 1217 1244 1261 incumbentes.
1311 1217 1498 1262 Germen
1532 1219 1863 1272 subrotundum,
1903 1224 1946 1261 in
1974 1219 2219 1261 florescente

513 1303 626 1359 spica
648 1305 719 1344 vix
742 1296 1033 1350 observabile,
1060 1300 1101 1338 in
1136 1297 1282 1339 eadem
1315 1296 1590 1340 fructescente
1621 1298 1714 1355 post
1745 1297 1958 1340 staminum
1989 1296 2149 1354 lapsum
2177 1299 2222 1338 in

511 1379 777 1436 conspectum
806 1380 984 1419 maxime
1018 1378 1188 1420 veniens
1223 1376 1267 1417 &
1296 1377 1444 1418 viride.
1506 1374 1712 1433 Stigmata
1742 1375 1852 1426 duo,
1884 1373 2055 1428 seffilia,
2086 1372 2217 1416 fusca.

508 1458 623 1502 Infra
644 1461 830 1516 germina
850 1457 1042 1499 locantur
1064 1455 1234 1513 pulvim
1261 1454 1347 1499 albi
1366 1453 1611 1497 subrotundi
1633 1454 1676 1496 &
1702 1451 1855 1498 villofi.

1249 1612 1469 1658 DXXIV.

511 1722 626 1769 IRIS
657 1720 953 1766 PAVONIA.
1015 1721 1143 1767 Lz'zm.
1154 1720 1270 1779 [Vst-
1289 1735 1396 1780 pag.
1433 1735 1503 1778 92.
1557 1718 1719 1766 lemzb.
1749 1718 1845 1776 dff
1858 1733 1966 1780 pag.
1999 1731 2065 1762 21.
2100 1732 2217 1761 mem.

567 1818 636 1862 35·
664 1802 751 1846 tab.
777 1816 812 1844 1.

683 1933 997 1991 Elegantissima
1018 1931 1165 1990 planta
1187 1931 1331 1974 crescit
1352 1932 1405 1974 ad
1426 1928 1773 1974 promontorium
1802 1925 1929 1969 bonae
1950 1925 2076 1984 Spei,
2107 1928 2222 1984 apud

514 2030 592 2057 nos
610 2016 763 2056 florens
783 2011 985 2055 Januario
1013 2012 1056 2054 δέ
1079 2010 1330 2055 Februario.
1391 2010 1557 2054 Bulbus
1589 2009 1790 2068 parvulus
1809 2042 1822 2061 ,
1865 2015 2016 2052 ovatus
2032 2040 2046 2059 ,
2086 2004 2221 2048 bulbo

515 2095 661 2135 effoeto
686 2093 912 2149 impositus.
973 2091 1145 2134 Folium
1175 2091 1359 2134 radicale
1393 2095 1583 2144 unicum,
1615 2091 1741 2149 longe
1774 2092 1976 2148 vaginans
1996 2122 2010 2141 ,
2050 2087 2216 2129 lineari-

516 2171 756 2223 enfiforme,
789 2179 979 2219 acutum,
1013 2171 1136 2213 dorso
1161 2170 1412 2223 striatulum,
1444 2169 1586 2212 subtus
1609 2170 1652 2212 &
1675 2169 1729 2210 ad
1761 2183 1857 2210 oras
1878 2167 2098 2219 villosum,
2114 2181 2221 2209 *ner-

514 2265 573 2295 vo
595 2251 732 2292 medio
754 2255 946 2308 utrinque
967 2249 1291 2308 protuberante,
1323 2249 1529 2292 firmulum
1542 2282 1557 2301 ,
1587 2245 1926 2298 erectiusculum,
1955 2245 2221 2303 longitudine

517 2329 659 2371 caulis.
722 2329 849 2371 Folia
869 2333 910 2372 in
936 2331 1054 2372 caule
1077 2331 1129 2373 ad
1149 2330 1285 2372 nodos
1313 2330 1494 2381 alterna,
1527 2329 1611 2371 duo
1636 2327 1706 2372 vel
1731 2331 1833 2380 tria,
1864 2327 1992 2384 longe
2022 2325 2222 2385 vaginem-

515 2413 595 2464 tia,
627 2410 749 2467 supra
773 2412 946 2469 vaginas
967 2408 1136 2464 brevia,
1169 2414 1316 2462 acuta,
1358 2423 1582 2466 parumper
1610 2408 1818 2454 villosula.
1882 2404 2027 2449 Caulis
2059 2404 2223 2444 flexuo-

2077 2479 2159 2532 sus,
