2436 3246
1834 314 1883 357 γε

890 417 1177 463 DLXXXV..

235 576 493 622 LACHEN
495 575 646 620 ALIA
675 573 952 619 PUSILLA.

352 733 510 776 Crescit
533 734 587 776 ad
608 731 954 776 promontorium
978 731 1104 775 bonae
1116 731 1231 791 Spei.
1293 730 1444 774 Floret
1462 730 1575 788 apud
1592 744 1670 773 nos
1691 729 1879 790 Septem-

173 813 242 856 bri
268 815 312 856 &
333 811 527 855 Octobri.
591 810 711 855 Tota
730 811 888 871 glabra.
947 810 1113 855 Bulbus
1150 812 1450 865 subrotundus,
1496 812 1690 856 avellana
1718 816 1879 866 minor,

177 896 316 935 tunica
341 891 455 934 fusca
480 899 639 944 tectus,
672 893 726 934 ad
755 907 880 935 unam
900 892 1129 937 alteramve
1155 896 1318 935 unciam
1343 891 1552 949 profunde
1573 891 1748 934 haerens.
1794 891 1832 933 F
1836 907 1879 934 o-

176 972 235 1013 lia
255 971 405 1028 saepius
428 979 629 1028 quatuor,
662 973 766 1014 duas
788 973 859 1016 vel
883 980 965 1015 tres
986 975 1127 1014 uncias
1151 973 1303 1030 longa,
1334 976 1405 1016 vix
1439 972 1654 1014 dimidiam
1681 972 1788 1023 lata,
1820 975 1878 1014 in-

176 1050 243 1093 fra
271 1058 425 1092 terram
462 1050 745 1092 canaliculata
780 1051 824 1092 &
853 1059 999 1093 mutuo
1035 1052 1340 1109 amplexantia,
1382 1051 1504 1107 supra
1532 1058 1683 1092 terram
1715 1049 1881 1108 anguste

176 1130 387 1187 oblonga,
420 1132 610 1184 acutula,
642 1134 928 1190 integerrima,
960 1133 1154 1183 crassula,
1186 1131 1337 1175 viridia
1359 1130 1428 1172 vel
1450 1129 1613 1170 sordide
1642 1129 1877 1187 sanguinea,

174 1213 285 1257 facie
305 1215 478 1257 maculis
499 1214 621 1256 fuscis
641 1216 869 1271 variegata,
901 1212 1060 1268 patula.
1121 1208 1282 1265 scapus
1304 1217 1425 1261 teres,
1458 1211 1604 1252 niveus
1627 1223 1720 1250 cum
1741 1223 1878 1250 macu-

177 1292 228 1334 lis
252 1290 440 1332 obsolete
462 1290 613 1342 roseis,
644 1294 716 1333 vix
747 1305 926 1346 pennam
957 1288 1240 1332 columbinam
1271 1290 1443 1340 crassus,
1476 1288 1787 1340 subterraneus,
1820 1288 1880 1329 su-

175 1386 254 1428 pra
275 1378 426 1412 terram
447 1374 488 1412 in
510 1370 592 1412 finu
617 1370 818 1412 foliorum
839 1362 1051 1410 contracte
1084 1366 1319 1408 racemosus
1360 1366 1404 1407 ἀ
1433 1366 1709 1416 multiflorus,
1743 1374 1788 1407 ut
1816 1369 1877 1410 vi-

172 1451 351 1492 deantur
385 1450 510 1492 flores
533 1448 763 1492 umbellati.
823 1446 1030 1490 Pedicelli
1051 1445 1200 1490 breves
1220 1480 1232 1499 ,
1275 1449 1435 1498 erecti,
1477 1448 1621 1497 nivei,
1661 1443 1879 1486 bracteola

176 1529 329 1571 suffulti
347 1533 738 1573 ovato-acuminata
773 1541 962 1571 concava
992 1533 1131 1567 erecta
1158 1527 1384 1581 niveaque.
1443 1523 1594 1565 Flores
1624 1527 1772 1575 erecti,
1804 1537 1875 1565 un-

176 1609 316 1651 ciales.
377 1607 528 1651 Petala
548 1613 671 1652 nivea
692 1623 785 1649 cum
806 1606 935 1649 fascia
963 1605 1116 1648 dorsali
1137 1607 1311 1648 virente.
1374 1602 1565 1646 Corollae
1592 1601 1696 1644 balis
1722 1616 1874 1644 conna-

172 1695 218 1730 ta
244 1696 315 1729 aut
336 1701 418 1730 una
442 1696 514 1730 aut
534 1687 701 1744 duplice
722 1685 884 1728 macula
904 1685 1084 1728 caerulea
1104 1691 1286 1726 notatur.
1351 1680 1555 1724 Antherae
1578 1683 1751 1727 flavent.

177 1842 298 1887 CAL.
331 1845 481 1888 nullus.

176 1922 297 1967 COR.
330 1923 482 1968 Petala
512 1925 604 1977 sex,
644 1925 843 1976 linearia,
885 1920 1032 1964 obtusa
1041 1955 1054 1974 ,
1094 1918 1473 1971 subcanalicu‘iata,
1505 1925 1680 1971 erecta3
1709 1920 1789 1960 tria
1816 1918 1874 1960 al-

287 2011 405 2046 terna
426 2007 637 2046 exteriora
666 2005 721 2047 ad
752 2007 914 2061 apicem
942 2000 1096 2044 canore
1131 2000 1363 2052 fornicata,
1394 1997 1477 2041 bafi
1505 2001 1610 2040 inter
1637 1998 1677 2040 se
1708 1998 1752 2040 ὅτ
1782 2012 1875 2040 cum

290 2081 566 2125 exterioribus
586 2090 787 2135 connata,
819 2081 1031 2125 breviora.

173 2161 333 2204 STAM.
366 2161 605 2204 Filamenta
627 2162 718 2213 sex,
750 2160 965 2212 subulata,
998 2165 1157 2210 erecta,
1189 2156 1341 2213 petalis
1365 2156 1418 2198 ad
1438 2170 1561 2197 unam
1590 2157 1759 2196 tertiam
1785 2154 1875 2197 lon·

286 2243 418 2297 giora.
480 2240 684 2284 Antherae
705 2241 925 2299 oblongae,
956 2234 1260 2281 incumbentes-

173 2316 306 2361 PIST.
343 2317 528 2361 Germen
557 2320 749 2376 superum
780 2352 793 2371 ,
835 2317 1008 2361 obverse
1043 2322 1246 2365 ovatum,
1287 2310 1545 2354 trilobatum.
1609 2308 1755 2367 Stylus
1792 2309 1868 2350 fili-

284 2395 466 2448 formis,
508 2404 702 2450 erectus,
742 2397 1002 2455 longitudine
1043 2392 1267 2436 staminum,
1330 2390 1491 2450 Stigma
1520 2389 1738 2442 obtusum,
1778 2386 1867 2430 sub-

291 2474 485 2516 trifidum.

1507 2542 1811 2591 DLXXXVI.
