2436 3246
556 302 575 328 ·1
584 300 639 339 40

563 405 845 464 superioribus
871 407 1024 451 latiore
1046 408 1090 451 &
1114 409 1291 453 ramosa.
1325 397 1332 400 ⁸
1354 410 1391 453 F
1394 410 1592 454 ilamenta
1615 411 1774 463 decem,
1808 410 1890 454 basi
1913 413 2086 466 coalita,
2117 415 2272 472 septem

562 488 731 530 fertilia.
793 488 999 533 Antherae
1029 491 1174 534 roseae.
1235 490 1397 550 Stigma
1428 492 1769 548 quinquefidum,
1814 492 1998 538 rubrum.
2056 492 2273 539 seminum

555 583 655 611 acus
675 568 879 626 plumosa.

1314 725 1501 771 DCLII.

606 881 1080 930 PELARGONIUM
1109 881 1579 928 TOMENTOSUM.

721 1043 789 1086 Ex
812 1041 1118 1086 Promontorio
1140 1042 1267 1086 bonae
1287 1041 1404 1100 Spei.
1466 1041 1616 1086 Floret
1636 1046 1751 1102 apud
1771 1060 1848 1089 nos
1865 1044 2008 1104 Aprili
2028 1047 2071 1090 ἃ
2092 1046 2265 1104 sequen-

537 1121 672 1166 tibus.
735 1120 897 1164 Totum
916 1123 1028 1167 villis
1055 1123 1290 1165 densissimis
1311 1120 1600 1178 mollibusque
1620 1126 1795 1181 tegitur,
1829 1125 1958 1166 odore
1991 1126 2158 1181 poliens
2179 1126 2264 1168 for-

546 1207 579 1245 ti
603 1218 679 1245 nec
698 1210 819 1261 grato
893 1201 1035 1246 Radix
1063 1202 1238 1244 ramosa.
1289 1198 1449 1243 ‘Caulis
1477 1201 1702 1243 fruticosus
1721 1235 1734 1254 ,
1781 1203 1974 1244 carnosus
1991 1236 2002 1254 ,
2046 1205 2232 1247 ramosus
2250 1239 2260 1256 ,

520 1289 733 1334 erectus,
765 1281 967 1339 pollicem
988 1281 1164 1333 crassus,
1197 1288 1328 1332 teres,
1369 1280 1552 1324 nodosus
1576 1314 1588 1333 ‚
1631 1278 1842 1336 bipedalis
1875 1279 1919 1321 ὅτ
1951 1280 2062 1323 ultra
2136 1282 2264 1325 Folia

548 1363 736 1416 alterna,
769 1363 969 1414 cordata,
1001 1359 1158 1402 triloba
1180 1367 1254 1402 aut
1275 1358 1673 1417 subquinqueloba‚
1707 1359 1917 1414 obtusula,
1949 1363 2130 1412 venosa,
2162 1364 2263 1406 cras-

547 1443 656 1496 sula,
688 1442 926 1484 mollissima
947 1475 960 1495 ,
993 1439 1215 1492 serrulam,
1248 1446 1330 1480 tres
1365 1446 1605 1494 quatuorve
1639 1444 1782 1484 uncias
1816 1443 1966 1501 longa,
1997 1443 2264 1500 totidemque

544 1525 664 1577 lata3
696 1522 868 1580 petiolis
890 1521 1074 1575 ejusdem
1095 1520 1369 1579 longitudinis
1388 1520 1458 1563 Vel
1483 1520 1768 1579 longioribus,
1811 1523 2038 1577 teretibus,
2080 1537 2261 1581 pennam

549 1602 833 1647 columbinam
855 1603 991 1646 crassis
1015 1603 1058 1645 &
1083 1600 1335 1659 patentibus.
1399 1585 1582 1656 S‘tipulae
1616 1615 1668 1642 ex
1700 1602 1853 1645 latiore
1888 1602 1970 1645 basi
2002 1602 2263 1645 lanceolato-

548 1685 819 1732 acuminatae‚
852 1678 970 1724 brevi
992 1680 1222 1721 arescentes
1248 1681 1291 1722 &
1317 1679 1579 1737 ferrugineae.
1643 1677 1880 1723 Pedunculi
1910 1695 2153 1723 communes
2186 1689 2265 1724 ter-

543 1762 743 1813 minales,
775 1760 950 1802 solitarii
973 1759 1044 1802 vel
1067 1757 1155 1801 bini
1174 1767 1247 1802 aut
1267 1763 1388 1812 terni,
1421 1761 1670 1817 plus'mhlus
1691 1760 1954 1812 triunciale-s,
1986 1774 2169 1816 pennam
2190 1773 2260 1801 co-

544 1841 770 1884 lumbinam
792 1842 911 1882 crassi
942 1848 1015 1882 aut
1051 1840 1184 1896 duplo
1204 1840 1471 1899 gracilioreS,
1503 1839 1769 1881 erectiusculi
1802 1839 1872 1882 vel
1904 1839 2064 1896 patuli,
2097 1842 2138 1882 in
2175 1855 2260 1881 um·

544 1920 700 1964 bellam
720 1920 943 1971 simplicem
965 1927 1039 1964 aut
1061 1919 1335 1976 compofitam
1359 1921 1584 1964 terminati.
1638 1917 1861 1963 Involucri
1891 1918 2046 1960 foliola
2082 1919 2136 1959 ad
2174 1933 2259 1960 um-

544 2000 699 2045 bellam
720 1999 991 2056 compositam
1010 1998 1156 2055 plura,
1190 1999 1244 2040 ad
1266 1998 1490 2055 simplicem
1512 1998 1555 2039 &
1578 1996 1853 2054 particulares
1875 1995 2125 2051 plerumque
2146 1995 2257 2048 sena,

541 2079 805 2142 lanceolata,
838 2085 989 2130 acuta,
1018 2078 1323 2134 patentissima,
1355 2080 1547 2121 virentia.
1609 2073 1843 2117 Pedunculi
1866 2072 2141 2115 umbeilarum
2163 2088 2257 2129 par-

540 2160 777 2202 ticularium
800 2159 895 2216 plus
917 2161 1050 2200 minus
1069 2156 1315 2200 biunciales.
1376 2154 1583 2199 Pedicelli
1605 2157 1700 2213 plus
1734 2159 1869 2217 minus
1905 2154 2011 2205 seni,
2046 2152 2256 2205 unciales,

512 2245 517 2251 '
541 2242 724 2281 omnium
750 2236 984 2281 brevissime
1006 2237 1253 2290 cuniculati,
1284 2237 1462 2288 virides,
1495 2236 1667 2292 superne
1698 2235 1861 2276 sordide
1889 2232 2252 2290 purpurascentes.

507 2325 511 2328 ’
542 2319 715 2377 Calycis
736 2316 1005 2375 pentaphylli
1031 2316 1187 2358 foliola
1214 2319 1423 2373 quinque,
1456 2314 1717 2366 lanceolata,
1762 2321 1910 2365 acuta,
1948 2311 2092 2354 subtus
2125 2311 2170 2353 <Sc
2203 2310 2257 2353 ad

541 2413 638 2441 oras
669 2397 857 2450 hirsuta,
897 2397 1111 2449 striatula,
1153 2396 1466 2454 patentissima3
1510 2394 1668 2436 summo
1709 2395 1842 2452 duplo
1881 2395 2037 2436 latiori.
2099 2388 2252 2433 Petala

512 2482 514 2484 '
543 2480 752 2534 quinque,
786 2474 997 2535 oblonga,
1030 2467 1197 2529 obtusa,
1231 2476 1380 2533 calyce
1402 2473 1533 2531 paulo
1569 2473 1790 2532 longiora,
1825 2471 1922 2517 alba
1953 2485 2044 2514 curn
2074 2466 2249 2511 fasciola

2138 2546 2192 2588 ad
