2436 3246
498 301 557 349 :38

503 408 637 453 limbo
662 408 762 453 albo
785 424 878 453 cum
899 407 1089 467 apicibus
1112 409 1207 468 plus
1230 412 1363 453 mInus
1386 414 1649 455 aurantiacis.
1680 409 1902 454 'Antherae
1922 413 2059 457 flavae.
2114 413 2212 472 Sty-

503 492 569 536 lus
591 491 751 535 inferne
775 490 918 544 albus,
951 491 1073 548 supra
1093 493 1273 537 medium
1298 508 1380 536 una
1400 508 1491 535 cum
1513 492 1696 551 stigmate
1718 492 1882 534 sordide
1906 497 2185 536 aurantiacus.

504 648 631 694 CAL.
663 647 950 693 Perianthium
973 649 1192 706 superum,
1238 665 1440 708 parvum,
1461 650 1838 709 ·monophyllum‚
1884 653 2217 710 quinquedenta-

618 738 736 783 tum3
768 731 989 773 denticulis
1011 730 1233 784 subruatis,
1266 736 1424 785 acutis,
1457 735 1681 784 concavis,
1714 735 1888 784 erectis,
1921 729 2179 773 distantibus.

503 806 625 853 COR.
648 809 944 866 monopetala,
985 808 1444 866 hypocrateriformis‚
1486 819 1696 856 contorta,
1759 809 1911 854 Tubus
1946 811 2137 854 obsolete
2174 810 2218 853 ὅ(

614 887 761 931 obtuse
783 896 1064 946 pentagonus,
1086 889 1260 946 superne
1280 891 1515 948 pauxillum
1535 892 1772 949 ampliatus.
1806 890 1983 934 Limbus
2007 894 2212 948 quinque-

618 970 762 1022 fidus;
795 970 956 1011 laciniis
977 969 1253 1017 lanceolatis,
1286 974 1442 1024 acutis,
1475 972 1788 1027 patentissimis,
1820 972 2083 1030 longitudine
2114 969 2217 1012 tubi.

500 1048 660 1093 STAM.
694 1049 932 1093 Filumenta
965 1050 1094 1092 nulla.
1181 1049 1388 1092 Antherae
1428 1052 1647 1106 quinque,
1690 1050 1900 1104 lineares,
1944 1053 2217 1102 acuminatae,

616 1137 793 1182 erectae,
825 1129 930 1172 tubo
962 1130 1139 1172 corollae
1164 1130 1350 1182 insertae,
1385 1141 1472 1184 quo
1495 1125 1727 1171 breviores.

499 1204 635 1252 PIST.
670 1206 855 1251 Germen
876 1207 1079 1261 inferum,
1112 1206 1383 1250 turbinatum.
1445 1206 1593 1265 Stylus
1618 1208 1852 1261 filiformis,
1885 1209 2006 1266 supra
2034 1209 2218 1251 medium

619 1289 752 1345 dupio
774 1289 970 1341 crassior,
1019 1296 1183 1330 erectus
1205 1322 1217 1340 ‚
1257 1287 1519 1346 longitudine
1556 1285 1649 1329 tubi
1684 1287 1876 1330 corollae.
1937 1285 2100 1344 Stigma
2126 1285 2218 1327 bifi-

613 1366 734 1418 dum,
767 1365 944 1407 corollae
964 1363 1112 1408 tubum
1132 1366 1329 1423 superans
1339 1382 1355 1421 3
1386 1367 1550 1410 laciniis
1572 1363 2087 1417 lanceolam-linearibus,
2120 1378 2215 1406 acu-

612 1446 689 1496 tis,
732 1447 895 1486 erectis.

501 1523 617 1568 PER.
648 1522 792 1567 Bacca
811 1539 986 1584 magna,
1020 1524 1181 1577 ovalis,
1243 1557 1253 1566 .
1551 1584 1557 1591 ι

496 1603 615 1648 SEM.
650 1604 796 1661 plura,
828 1602 1109 1657 iubrotunda,
1142 1603 1294 1660 plana,
1326 1593 1565 1649 nidulantie
1584 1608 1626 1649 in
1645 1606 1780 1665 pulpa
1805 1605 1939 1649 molli.

1274 1759 1446 1806 DLVI.

558 1916 794 1962 DRIMIA
824 1914 1053 1962 ELATA.

495 1995 660 2040 Bulbus
683 1998 870 2042 liliaceus
904 2002 1156 2044 vomitorius
1177 2003 1327 2059 capitis
1355 1999 1480 2045 bonae
1502 2000 1617 2060 Spei.
1679 2002 1843 2061 Brejyn.
1871 2010 1981 2047 cent.
2004 2016 2112 2063 pag.
2141 2017 2211 2063 91.

617 2076 705 2119 tab.
728 2088 797 2128 40.

670 2231 775 2277 Non
798 2240 921 2294 potui
941 2238 994 2281 ad
1014 2237 1144 2282 ullum
1165 2256 1216 2284 ex
1239 2244 1417 2301 cognitis
1438 2243 1659 2302 generibus
1679 2243 1878 2286 reducere
1889 2257 1904 2296 3
1926 2241 2035 2285 unde
2056 2254 2215 2286 novum

496 2317 626 2360 secia
659 2315 817 2361 Graeco
840 2321 953 2371 δριμὺς
977 2318 1032 2362 ob
1062 2321 1214 2363 radicis
1247 2323 1530 2365 acrimoniam.
1593 2321 1751 2366 Crescit
1780 2323 1833 2364 ad
1863 2319 2213 2364 Promontorium

496 2395 623 2440 bonae
647 2395 787 2455 Spei5
818 2398 974 2440 florens
992 2400 1106 2456 apud
1125 2414 1203 2442 nos
1222 2413 1318 2442 raro
1343 2400 1545 2444 menfibus
1575 2400 1689 2444 Julio
1727 2401 1770 2443 &
1803 2399 1994 2459 Augusto
2026 2408 2122 2442 ante
2147 2400 2214 2442 fo·
2257 2415 2262 2418 ·

498 2477 650 2521 liorum
671 2478 892 2537 egressum,
923 2477 994 2522 sed
1015 2477 1220 2534 fructum,
1253 2481 1326 2535 qui
1345 2479 1448 2524 mihi
1465 2480 1628 2524 futurus
1650 2480 1874 2528 videbatur
1904 2480 2093 2538 capsula,
2126 2494 2211 2522 non

2019 2565 2150 2599 matu·
