2436 3246
1816 294 1893 340 147

918 394 1175 441 DCLVIII.

252 550 647 596 HEDYSARUM
678 548 1081 595 MURICATUM.

370 707 528 752 Crescit
553 709 605 750 ad
627 706 867 764 Champion
887 709 996 751 river
1016 710 1057 750 in
1080 705 1329 767 Patagonia.
1362 706 1430 750 Ex
1449 708 1601 751 semine
1625 716 1765 751 natum
1787 711 1901 767 apud

197 801 276 830 nos
301 788 424 829 floret
443 786 556 828 Julio
580 787 623 828 &
645 785 835 844 Augusto
862 785 932 828 sub
954 787 1050 839 dio,
1081 786 1261 829 fructum
1287 789 1451 845 perficit
1480 787 1719 834 Novembri
1747 791 1789 832 &
1810 789 1901 833 De-

198 864 353 906 cembri
375 869 416 906 in
440 865 663 921 tepidario.
723 863 865 906 Radix
884 865 1060 906 ramosa.
1123 862 1269 906 Cauiis
1298 866 1642 920 suffruticosulus,
1675 876 1782 911 teres
1800 903 1813 922 ,
1844 870 1904 912 se-

198 945 441 1001 mipedalis,
483 944 663 997 debilis,
704 945 800 987 hinc
837 947 990 1001 partim
1024 941 1276 985 decumbens
1303 977 1316 995 ,
1357 945 1541 987 ramosus
1564 979 1576 998 ,
1618 949 1903 992 muricatulus.

199 1023 331 1066 Folia
361 1025 544 1077 alterna,
575 1028 749 1081 pinnata
769 1022 946 1079 abrupte
969 1022 1038 1065 vel
1061 1036 1152 1063 cum
1175 1024 1355 1079 impari,
1387 1023 1497 1065 costa
1515 1026 1774 1080 muricatula,
1806 1028 1904 1085 plus

201 1106 335 1145 minus
356 1103 630 1156 sescunciali3
660 1106 795 1159 pinnis
825 1103 919 1159 plus
951 1105 1083 1143 minus
1104 1102 1260 1159 septem
1280 1105 1488 1159 utrinque,
1522 1102 1717 1162 oblongis
1734 1139 1745 1157 ,
1775 1121 1905 1148 emar·

200 1185 350 1240 ginatis
371 1216 383 1234 ,
424 1185 723 1240 integerrimis,
777 1183 830 1224 ad
859 1195 952 1223 oras
986 1184 1218 1233 muricatis,
1259 1182 1379 1238 supra
1409 1181 1720 1240 glabriusculis,
1763 1184 1905 1227 subtus

202 1259 393 1313 hirtellis,
409 1268 492 1303 tres
517 1269 754 1317 quatuorve
778 1261 909 1303 lineas
930 1262 1080 1319 longis.
1140 1259 1319 1317 Stipulae
1342 1262 1384 1303 &
1408 1260 1588 1304 bracteae
1613 1272 1776 1318 ovatae,
1808 1281 1904 1307 acu-

201 1349 272 1382 tae.
363 1339 595 1383 Pedunculi
629 1341 823 1383 axillares
855 1343 1051 1392 uniflori,
1094 1340 1139 1381 &
1165 1340 1402 1382 terminales
1434 1343 1654 1395 racemofi,
1697 1352 1904 1400 patentes.

207 1418 379 1476 Calycis
412 1421 556 1463 viridis
577 1453 590 1472 ,
630 1419 992 1476 semiquinquefidi
1013 1452 1025 1471 ,
1066 1433 1140 1460 nec
1170 1417 1395 1471 bilabiati,
1435 1420 1598 1462 laciniae
1629 1422 1906 1477 lanceolatae‚

206 1505 367 1550 acutae,
396 1496 684 1554 subaequales,
725 1497 1027 1539 erectiusculae‚
1084 1496 1301 1538 Vexillum
1323 1496 1646 1553 subrotundum,
1678 1507 1905 1561 emargina-

206 1584 317 1628 tum,
350 1576 597 1631 expansum,
630 1575 682 1616 acl
714 1575 907 1633 angulum
928 1582 1083 1616 rectum
1107 1573 1160 1616 ab
1182 1589 1317 1632 ungue
1336 1577 1559 1629 reflexum,
1592 1579 1739 1636 calyce
1772 1582 1905 1638 duplo

206 1653 295 1696 fere
318 1653 509 1711 longius,
555 1655 709 1697 flavum
739 1669 831 1695 cum
864 1653 962 1694 striis
991 1656 1224 1709 purpureis.
1314 1652 1413 1695 Alae
1445 1654 1643 1713 oblongae
1665 1691 1678 1708 ,
1722 1657 1906 1714 obtusae,

209 1739 383 1783 erectae,
414 1732 574 1775 vexillo
603 1731 841 1784 breviores,
873 1734 1013 1775 flavae.
1074 1730 1229 1774 Carina
1258 1735 1487 1778 transverse
1522 1735 1668 1778 obtusa
1693 1770 1706 1789 ,
1745 1740 1906 1782 vexillo

208 1810 340 1867 duplo
362 1809 554 1861 brevior,
586 1810 713 1853 flava.
771 1809 808 1852 F
812 1810 1009 1852 ilamenta
1032 1811 1200 1865 decem,
1241 1812 1493 1870 diadelpha,
1524 1794 1677 1859 novem
1706 1816 1794 1872 ipsa
1817 1817 1908 1860 sola

208 1890 291 1932 basi
319 1891 501 1942 coalita,
530 1890 703 1947 superne
735 1890 788 1931 ad
819 1889 1014 1948 angulum
1051 1898 1209 1933 rectum
1242 1894 1472 1935 incurvata.
1531 1892 1736 1936 Antherae
1762 1896 1902 1940 luteae.

214 1967 398 2012 Germen
422 1970 602 2023 lineare,
633 1969 845 2011 hirtulum.
902 1968 1048 2026 Stylus
1079 1968 1315 2022 filiformiS,
1346 1970 1515 2028 glaber,
1545 1972 1619 2015 fitu
1655 1975 1698 2016 &
1730 1975 1910 2034 longitu-

211 2047 306 2088 dine
329 2045 556 2089 staminum.
612 2046 773 2106 Stigma
793 2048 1078 2104 capitatulum.
1140 2048 1357 2108 Legumen
1385 2052 1539 2094 lineare
1558 2086 1572 2104 ,
1612 2056 1909 2111 compressum,

212 2132 380 2167 acutum
404 2158 417 2179 ,
467 2129 712 2170 muricatum
730 2162 744 2181 ,
792 2127 882 2172 fere
920 2129 1086 2172 unciale
1115 2162 1129 2183 ‚
1181 2130 1369 2173 articulis
1409 2130 1675 2176 subrotundis
1693 2166 1709 2186 ‚
1761 2148 1911 2177 mono-

204 2205 395 2261 spermis.

967 2536 1011 2581 Τ
1041 2553 1065 2584 2
1642 2540 1836 2592 DCLIX
