2436 3246
562 321 642 366 128

558 433 710 475 tissImi.
771 428 990 473 Involucri
1010 426 1166 470 foliola
1186 442 1344 485 pauca,
1376 425 1644 477 lanceolata,
1678 432 1814 467 acuta.
1875 421 2082 467 Pedicelli
2115 424 2275 467 semun-

558 511 712 564 ciales,
745 510 834 553 fere
855 510 909 551 ad
931 507 1043 551 basin
1067 524 1200 565 usque
1220 509 1460 551 cuniculati.
1523 506 1697 565 Calycis
1717 505 1989 565 pentaphylli
2011 503 2168 547 foliola
2187 505 2274 546 lan-

559 590 751 642 ceolata,
784 596 931 641 acuta,
965 587 1139 641 striata3
1170 588 1328 630 summo
1361 588 1494 645 duplo
1520 588 1675 631 latiori.
1737 585 1889 630 Petala
1921 593 2127 644 quatuor,
2158 584 2275 627 raris-

558 671 654 713 fime
679 673 888 727 quinque,
922 669 1226 721 cuneiformia,
1260 667 1432 722 obtusa,
1461 669 1630 725 patula,
1663 682 1816 711 carnea
1838 675 1910 710 aut
1935 664 2092 717 albida,
2125 664 2279 722 calyce

559 752 692 809 duplo
720 751 913 808 longiora
933 765 946 802 3
978 750 1136 791 summa
1157 749 1243 790 duo
1265 747 1384 789 lineis
1404 749 1573 791 ramosis
1592 748 1729 792 rubris
1751 748 1945 806 percursa
1971 748 2014 790 &
2031 745 2164 788 multo
2191 759 2276 786 ma-

555 833 662 885 iora.
722 828 962 871 Filamenta
991 829 1135 870 decem
1153 861 1166 880 ,
1208 826 1292 869 bafi
1320 828 1502 880 coalita,
1547 832 1734 885 quinque
1764 828 1926 869 alterna
1953 826 2123 868 fertilia.
2186 823 2277 867 An*

554 909 688 951 therae
721 907 947 967 oblongae,
977 908 1132 952 rubrae.
1190 908 1353 970 Stigma
1382 908 1728 969 quinquefidum,
1754 907 2033 967 sanguineum.
2095 904 2277 949 Seminis

552 988 673 1032 arista
691 987 882 1045 plumosa
895 1021 908 1041 ,
941 986 1177 1031 biuncialis.

728 1146 873 1192 Rivini
895 1148 1177 1205 synonymum
1210 1151 1382 1190 citatum
1404 1148 1486 1192 huc
1521 1150 1702 1202 reduco,
1737 1163 1831 1191 cum
1862 1150 1990 1190 flores
2020 1145 2277 1190 umbellatos

555 1235 698 1269 ternos
730 1225 1010 1282 tetrapetalos
1047 1226 1258 1280 delineet,
1303 1228 1346 1270 ὅ(
1377 1227 1580 1271 foliorum
1612 1231 1745 1288 figura
1776 1233 2015 1274 conveniat.
2077 1226 2278 1286 Synony-

555 1322 666 1350 mum
692 1305 962 1351 Cavanillefii
982 1309 1111 1364 magis
1134 1306 1236 1348 mihi
1268 1305 1440 1349 dubium
1466 1309 1634 1352 videtur
1668 1307 1724 1349 ob
1754 1307 1991 1365 pedicellos
2024 1313 2278 1363 quaternos,

556 1401 666 1444 quos
691 1390 730 1428 in
751 1400 845 1428 meo
871 1386 1086 1441 nunquam
1114 1384 1348 1429 observavi.
1413 1385 1646 1429 Hermanni
1668 1384 1901 1428 Geranium
1932 1382 2144 1426 betonicae
2164 1382 2278 1425 folio

553 1467 667 1509 hort.
689 1464 775 1508 tab.
804 1472 898 1516 281.
920 1479 1007 1507 non
1030 1465 1156 1507 ausim
1179 1466 1393 1518 affumere,
1427 1468 1697 1522 quantumvis
1713 1465 1847 1523 figura
1858 1462 2061 1506 foliorum
2083 1465 2125 1505 in
2137 1478 2277 1505 meum

554 1546 757 1604 quadret,
790 1559 885 1586 nam
906 1544 978 1586 ille
1000 1541 1205 1586 umbellas
1230 1546 1551 1601 quinquefloras
1576 1544 1771 1598 exhibet,
1806 1545 1850 1587 &
1881 1546 2009 1587 flores
2033 1544 2170 1586 asserit
2197 1544 2283 1585 effe*

552 1625 867 1682 pentapetalos.
933 1623 1166 1668 Geranium
1187 1624 1430 1667 betonicum
1451 1624 1596 1686 Bergii
1615 1628 1706 1670 flor.
1734 1641 1827 1683 cap.
1851 1640 1947 1684 pag.
1975 1637 2067 1682 179.
2099 1624 2179 1665 esre
2203 1636 2278 1665 no·

553 1705 675 1747 strum
698 1707 877 1761 nequit,
910 1704 982 1747 suo
1007 1708 1118 1746 enim
1149 1712 1274 1746 autor
1312 1705 1510 1749 adscribit
1550 1707 1695 1763 petala
1725 1709 1915 1763 quinque
1936 1739 1948 1757 ,
1992 1705 2035 1747 &
2070 1703 2163 1746 haec
2193 1702 2280 1745 basi

554 1785 736 1826 caerulea
760 1785 803 1826 &
827 1784 1002 1842 superne
1023 1785 1253 1836 dilutiora,
1282 1791 1371 1826 tum
1403 1785 1617 1826 filamenta
1638 1784 1796 1835 septem
1828 1783 1985 1825 fertilia
2017 1782 2061 1823 &
2093 1783 2280 1834 radicem

553 1876 797 1920 perennem.
858 1860 1091 1907 Geranium
1120 1864 1346 1922 myrrhidis
1374 1863 1485 1906 folio
1517 1863 1696 1922 Breynii
1724 1871 1830 1906 cent.
1865 1861 1952 1904 tab.
1981 1875 2053 1918 59.
2087 1860 2143 1903 ob
2175 1861 2278 1903 deli·

554 1948 683 1983 neata
704 1941 747 1983 &
771 1941 977 1999 descripta
995 1943 1141 2000 petala
1167 1947 1356 2001 quinque
1381 1947 1454 1989 vix
1483 1944 1648 1986 admitti
1667 1941 1818 2000 potest.
1878 1940 1937 1983 Et
1968 1939 2147 2000 Bergius
2182 1942 2281 1984 flor.

556 2036 650 2078 cap.
672 2035 769 2079 pag.
797 2027 890 2072 180.
925 2018 1160 2063 Geranium
1183 2023 1395 2066 diffectum
1422 2024 1537 2066 suum
1558 2039 1652 2067 cum
1672 2022 1922 2082 Breyniano
1944 2024 2021 2065 illo
2047 2024 2278 2080 conjungit,

555 2101 755 2156 idemque
793 2106 1004 2155 praeterea
1047 2099 1251 2143 existimat
1292 2116 1385 2143 cum
1427 2101 1619 2146 Geranio
1661 2119 1889 2148 anemones
1929 2104 2041 2147 folio
2074 2101 2276 2146 tuberoso

555 2179 789 2224 Hermanssi
809 2177 956 2234 Parad-
978 2191 1077 2234 Pag·
1104 2184 1182 2236 178
1218 2194 1233 2232 3
1265 2178 1339 2221 ubi
1367 2196 1393 2222 a
1421 2198 1516 2226 meo
1548 2185 1784 2229 evidentius
1812 2185 2018 2243 discrepat
2038 2184 2179 2226 radice
2212 2190 2282 2226 tu·

553 2258 717 2303 berosa.
777 2254 873 2300 Nec
902 2249 984 2296 h'uc
1019 2253 1122 2297 facit
1161 2254 1394 2301 Geranium
1436 2261 1667 2307 africanum
1703 2251 1814 2308 folio
1845 2279 2074 2309 anemones
2106 2262 2281 2317 Rivini3

556 2340 672 2397 quod
704 2353 832 2396 quam
866 2339 1046 2379 maxime
1082 2339 1245 2381 aceedit
1277 2341 1329 2382 ad
1356 2338 1658 2403 Pelargonium
1695 2359 1837 2388 meum
1877 2343 2278 2396 anemonaefolfium,

555 2420 607 2462 fic
627 2418 744 2462 foliis
778 2418 1063 2477 superioribus
1093 2419 1398 2478 bipinnatIfidis
1431 2424 1574 2468 ludere
1603 2424 1783 2468 solitum.
1845 2423 2049 2467 Linnaeus
2077 2428 2119 2467 in
2149 2423 2277 2466 Man·

555 2503 648 2546 tissa
671 2516 768 2562 pag.
793 2513 893 2560 433.
918 2500 1064 2546 tribuit
1097 2499 1288 2548 Geranio
1320 2503 1591 2563 myrrhifolio
1621 2505 1694 2549 suo
1725 2514 1874 2552 contra
1904 2503 2106 2564 Bergium
2132 2501 2278 2560 petala

2027 2588 2213 2639 quatuor
