2436 3246
513 284 565 329 16

1247 394 1484 443 DXXXII.
1554 401 1558 405 ’

597 510 730 558 IXIA
761 504 1079 556 CRUCIATA

687 643 756 687 Ex
777 640 1082 686 Promontorio
1103 637 1230 681 bonae
1253 633 1383 694 Spei;
1415 636 1572 678 florens
1593 632 1706 690 apud
1724 645 1802 675 nos
1815 627 2054 676 Novembri
2080 629 2226 675 &De-

515 724 669 768 cembri
688 738 703 777 3
734 730 827 764 tota
849 718 1008 780 glabra.
1069 715 1233 760 Bulbus
1270 712 1429 759 inverse
1464 718 1640 764 ovatus,
1673 709 1881 754 avellanae
1917 711 2226 769 magnitudine,

514 807 654 847 tunica
673 804 789 859 nigra
809 799 976 842 duriore
999 797 1044 839 δι
1065 796 1118 838 ad
1139 794 1251 838 basin
1275 794 1484 837 multifiss'a
1504 800 1655 835 tectus.
1717 791 1846 834 Folia
1865 792 2116 849 plerumque
2135 792 2225 833 lon-

512 886 631 942 giora
652 871 736 922 duo
765 893 859 920 cum
895 874 1161 921 brevioribus
1190 878 1361 933 paucis,
1404 875 1789 931 circumscriptione
1821 872 2067 925 subteretia,
2102 876 2225 915 utrin-

513 975 596 1018 que
616 960 874 1009 acuminata,
909 962 1070 1008 erecta,
1103 953 1253 1007 stricta,
1286 953 1500 1012 profunde
1523 954 1833 1011 quadrisulcata
1854 952 1925 997 vel
1955 956 2098 1009 potius
2126 968 2226 1010 qua-

513 1037 878 1088 dricanaliculata‚
910 1034 1094 1077 striatula
1114 1068 1127 1087 ,
1168 1033 1342 1086 viridia,
1388 1032 1610 1090 scaporum
1641 1033 1735 1090 plus
1772 1035 1906 1074 minus
1939 1032 2226 1089 longitudine,

514 1134 682 1176 unaque
712 1131 805 1160 cum
837 1115 901 1158 his
934 1114 1017 1157 bali
1055 1114 1151 1163 aliis
1190 1112 1307 1154 foliis
1340 1113 1478 1169 planis
1510 1113 1553 1155 &
1581 1110 1877 1171 vaginantibus
1911 1111 2226 1168 comprehensa.

511 1199 657 1244 Simile
681 1197 793 1240 aliud
815 1194 967 1237 folium
990 1196 1032 1236 in
1052 1193 1140 1235 ullo
1163 1191 1393 1252 vegetabili
1414 1192 1568 1233 nedum
1589 1193 1702 1246 vidi,
1735 1195 1849 1247 cujus
1872 1192 1898 1234 fi
1932 1195 2024 1250 quis
2056 1190 2129 1234 fibi
2155 1192 2229 1233 fin-

511 1294 607 1338 gere
641 1277 815 1336 figuram
848 1274 975 1326 velit,
1027 1273 1160 1315 sumat
1193 1279 1379 1329 quatuor
1408 1271 1517 1314 folia
1555 1287 1682 1329 quam
1712 1274 1891 1313 maxime
1928 1271 2230 1323 canaliculata,

516 1373 613 1415 quae
643 1357 694 1398 fic
724 1358 939 1398 cruciatim
967 1361 1101 1411 ponat
1122 1386 1135 1405 ,
1182 1359 1228 1393 ut
1255 1351 1380 1393 dorso
1417 1351 1499 1393 sese
1533 1351 1733 1409 spectent.
1813 1348 1937 1393 Tunc
1968 1366 2044 1408 per
2075 1350 2231 1392 lineam

514 1438 683 1480 ductam
704 1449 799 1477 oras
821 1430 1108 1490 quorumlibet
1131 1431 1311 1473 duorum
1332 1433 1569 1474 vicinorum
1589 1430 1792 1473 foliorum
1817 1438 2063 1484 connectat,
2097 1431 2142 1473 &
2169 1445 2232 1473 re-

514 1517 632 1574 pleat
656 1523 792 1557 totum
811 1514 988 1571 spatium
1010 1515 1116 1554 inter
1137 1511 1263 1553 hasce
1286 1518 1470 1568 quatuor
1494 1511 1628 1554 lineas
1656 1511 1700 1554 &
1732 1510 1852 1553 dorsa
1883 1513 2070 1553 omnium
2101 1507 2231 1552 folio-

515 1611 604 1637 rum
630 1593 850 1637 substantia
870 1593 1064 1646 carnosa,
1099 1593 1142 1635 &
1163 1591 1338 1635 habebit
1357 1592 1530 1650 figuram
1557 1591 1777 1634 defiderati
1806 1591 1902 1634 folii
1916 1625 1929 1644 ,
1962 1594 2077 1646 cujus
2100 1600 2232 1635 trans-

515 1675 632 1718 versa
653 1674 780 1715 sectio
805 1687 970 1714 crucem
991 1672 1274 1729 repraesentat.
1336 1671 1468 1731 Scapi
1489 1674 1575 1716 duo
1607 1675 1677 1719 vel
1711 1681 1818 1728 tres,
1864 1673 2203 1731 quadriunciales
2219 1705 2232 1725 ,

516 1755 612 1797 hinc
631 1754 770 1810 plani,
802 1752 898 1793 inde
919 1753 1169 1804 convexuli,
1202 1754 1399 1805 uniflori‚
1433 1757 1575 1805 erecti,
1607 1753 1874 1810 pallidiffime
1893 1754 2092 1796 virentes.
2125 1749 2232 1807 Spa-

517 1832 592 1873 tha
620 1830 824 1883 bivalvis,
856 1839 995 1874 erecta
1016 1865 1029 1885 ,
1070 1832 1331 1874 semuncialis
1349 1866 1362 1886 ,
1403 1834 1582 1886 viridis3
1623 1833 1808 1877 valvulis
1839 1832 1925 1873 late
1956 1830 2231 1883 lanceolatis,

520 1914 675 1964 acutis,
707 1910 880 1965 striatis,
912 1915 1132 1964 concaviS‚
1166 1912 1394 1969 oppolitIS,
1427 1912 1690 1970 aequalibus,
1723 1911 1806 1955 basi
1828 1921 1975 1955 mutuo
2000 1913 2043 1955 &
2063 1926 2233 1971 germen

523 1992 657 2035 stricte
681 1990 1031 2049 amplexantibus.
1094 1990 1245 2034 Petala
1277 1992 1370 2046 sex,
1403 1992 1598 2052 elongate
1625 1994 1888 2047 lanceolata,
1922 2001 2068 2047 acuta,
2100 1995 2234 2035 rarius

524 2077 643 2131 apice
666 2072 862 2129 quaedam
891 2070 1043 2123 incisa,
1075 2070 1256 2127 superag,
1290 2070 1499 2130 unguibus
1530 2076 1705 2125 erectis,
1735 2074 1857 2117 flavis
1891 2073 1935 2115 &
1969 2073 2234 2131 longitudine

523 2153 681 2211 spathae
702 2167 717 2206 3
748 2152 909 2194 laciniis
932 2155 973 2194 in
1000 2151 1156 2194 stellam
1178 2151 1490 2207 patentiffimis,
1522 2156 1632 2195 intus
1664 2151 1800 2196 rubris
1841 2152 2011 2210 basique
2040 2169 2093 2196 ex
2120 2154 2237 2197 flavo

525 2233 568 2275 &
595 2230 777 2273 caeruleo
799 2230 991 2272 striatulis
1004 2245 1018 2283 3
1050 2228 1182 2272 tribus
1202 2230 1473 2275 interioribus
1496 2232 1602 2276 foris
1624 2235 1816 2277 caeruleis
1842 2249 1934 2277 cum
1957 2233 2059 2277 striis
2077 2217 2234 2276 satura·

525 2309 725 2363 tioribus3
746 2307 879 2352 tribus
901 2309 1180 2353 exterioribus
1201 2310 1307 2354 foris
1327 2313 1450 2357 flavis
1472 2329 1566 2356 cum
1590 2314 1691 2357 striis
1713 2315 1933 2358 violaceis.
1994 2312 2235 2356 Filamenta

524 2393 628 2443 tria,
660 2388 872 2442 subulata,
905 2397 1065 2443 erecta,
1098 2389 1347 2435 brevissima.
1410 2392 1617 2436 Antherae
1641 2393 1856 2453 oblongae,
1889 2400 2056 2445 erectae,
2088 2391 2232 2444 luteae,

525 2470 786 2531 longitudine
809 2474 1005 2530 unguium
1024 2471 1276 2530 petalorum.
1341 2470 1528 2517 Germen
1548 2471 1724 2516 inferum
1740 2507 1754 2528 ,
1788 2472 2044 2532 oblongum,
2076 2472 2234 2526 trique-

2053 2556 2176 2593 trum.
