2436 3246
574 282 653 333 158

566 397 785 437 interiores
820 393 1006 452 pallidae.
1069 391 1305 438 Corollulae
1338 396 1444 438 radii
1479 395 1725 452 plerumque
1762 403 1914 450 ternae,
1955 401 2131 451 niveae3
2163 399 2266 440 disci

567 474 732 532 plures,
763 473 1011 532 sanguineae.
1071 472 1277 516 Antherae
1308 473 1450 516 luteae.
1511 472 1569 515 Et
1595 480 1748 515 caetera
1780 474 1833 516 ad
1861 474 2142 517 characterem
2167 473 2267 518 Lin-

561 566 770 597 naeanum.

1293 708 1546 754 DCLXXI.

620 866 901 911 PHOENIX
930 865 1395 912 DACTYLIFERA.
1467 865 1568 911 Tab.
1596 868 1757 928 15.fig.
1779 883 1823 927 3.
1886 868 2136 928 Limasyst.
2159 885 2267 928 pag.

732 946 831 1006 965-

737 1102 923 1158 Palmae,
953 1107 995 1147 in
1013 1103 1146 1148 hortis
1166 1102 1385 1149 Botanicis
1407 1105 1554 1163 passim
1578 1104 1720 1150 obviae
1741 1105 2039 1158 &notiffimae,
2070 1106 2138 1151 hic
2157 1123 2270 1151 men-

563 1188 721 1229 tIOnem
743 1184 857 1228 facio
885 1183 940 1227 ob
972 1184 1209 1241 exemplum
1239 1184 1450 1242 singulare.
1510 1182 1682 1227 Scilicet
1712 1185 1854 1241 palma
1886 1186 2089 1239 mascula,
2120 1195 2267 1230 trunco

561 1269 635 1310 vix
665 1265 901 1308 adhucdum
931 1264 1115 1317 donata,
1147 1279 1229 1306 una
1258 1280 1351 1306 cum
1382 1264 1499 1307 foliis
1528 1267 1600 1309 vix
1640 1264 2016 1322 quinquepedalis,
2057 1265 2196 1307 aestate
2228 1269 2270 1308 in

565 1346 748 1388 caldario
772 1345 980 1403 spadicem
1004 1347 1224 1387 florentem
1243 1345 1466 1401 produxit,
1509 1343 1826 1401 semipedalem,
1868 1343 2152 1400 paniculatum
2168 1378 2180 1397 ‚
2211 1348 2270 1386 in-

563 1427 677 1483 genti
699 1438 871 1467 numero
897 1426 1048 1466 florum
1067 1424 1273 1477 onustum,
1307 1424 1459 1481 quibus
1485 1431 1600 1466 totus
1623 1425 1745 1467 dense
1767 1423 2112 1467 abscondebatur.
2148 1423 2271 1467 Odor

561 1502 627 1545 his
653 1510 742 1545 erat
763 1517 848 1545 non
868 1510 1022 1560 gratus.
1086 1500 1264 1545 Corolla
1283 1504 1574 1562 rigidiuscula,
1606 1507 1823 1555 coriacea,
1856 1503 1899 1545 &
1922 1519 2014 1545 cum
2038 1503 2122 1546 levi
2142 1504 2271 1547 flave-

563 1585 659 1627 dine
685 1582 841 1626 albens.
903 1580 1189 1625 Perianthium
1214 1581 1562 1640 monophyllum‚
1594 1583 1879 1635 urceolatum,
1911 1583 2086 1624 corollae
2117 1597 2271 1626 conco-

563 1662 654 1715 lor,
685 1674 885 1719 parvum,
919 1673 991 1701 ore
1023 1659 1171 1703 leviter
1201 1661 1443 1705 tridentatO.
1506 1660 1684 1704 Corolla
1717 1663 2017 1719 monopetala,
2058 1661 2271 1719 profunde

563 1743 775 1797 tripartita
793 1756 808 1794 3
839 1741 1000 1782 laciniis
1035 1744 1198 1793 ovatis,
1243 1745 1396 1794 acutis,
1438 1741 1739 1799 patentissimis.
1801 1739 2040 1782 Filamenta
2069 1740 2137 1782 sex
2167 1738 2272 1796 (nec

568 1817 699 1872 tria),
733 1823 917 1863 omnium
942 1819 1199 1873 brwiilima,
1230 1825 1302 1864 vix
1323 1822 1424 1875 ulla·
1484 1818 1688 1862 Antherae
1723 1819 1899 1860 lineares
1918 1852 1932 1871 ,
1973 1827 2122 1861 erectae
2146 1854 2159 1872 ‚
2199 1836 2269 1863 co—

566 1900 677 1943 rolla
697 1898 926 1943 breviores.
985 1897 1035 1940 In
1065 1898 1318 1955 quibusdam
1355 1899 1529 1944 floribus
1560 1900 1705 1941 aderat
1736 1901 1862 1940 etiam
1891 1913 2058 1956 germen
2096 1907 2270 1944 ovatum

569 1994 663 2022 cum
685 1978 792 2036 stylo
813 1978 1051 2023 brevill'imo
1075 1981 1118 2022 &
1138 1980 1323 2038 stigmate
1348 1979 1532 2036 simplici.
1592 1977 1642 2020 In
1661 1980 1806 2034 paucis
1833 1977 2054 2019 monstrose
2078 1979 2162 2020 duo
2180 1995 2271 2037 ger-

570 2062 681 2102 mina
703 2074 717 2112 3
748 2062 789 2100 in
810 2060 1058 2115 paucissimis
1095 2067 1278 2116 quatuor
1307 2060 1378 2103 vel
1412 2062 1611 2115 quinque.
1674 2055 1833 2099 Omnes
1866 2063 2004 2100 autem
2035 2056 2080 2100 hi
2108 2057 2270 2102 herma-

570 2136 758 2193 phroditi
777 2137 903 2179 flores
923 2151 1004 2180 una
1025 2152 1117 2180 cum
1138 2138 1325 2181 masculis
1345 2138 1499 2181 steriles
1520 2138 1776 2181 deciderunt.

1137 2306 1710 2336 “Um-—

2010 2520 2214 2567 EXPLI-
