2436 3246
540 314 619 358 132

534 424 792 480 tegerrimae,
827 428 1001 473 erectae,
1034 420 1260 477 adpre'ss'ae,
1293 419 1403 476 saepe
1428 417 1591 460 sordide
1623 415 1992 474 purpurascentes,
2025 415 2185 460 inferne
2209 420 2253 460 'in

534 505 660 544 ramis
682 500 928 545 imbricatae.
990 499 1228 544 Pedunculi
1256 513 1498 541 communes
1522 501 1672 550 erecti,
1717 498 1814 555 plus
1835 499 1970 539 minus
2002 495 2255 547 triunciales‚

537 578 808 624 umbelliferi.
870 580 1087 625 Involucri
1109 578 1265 622 foliola
1280 593 1441 635 pauca,
1475 584 1629 629 ovata,
1662 583 1809 628 acuta,
1840 591 1988 633 parva.
2050 574 2258 619 Pedicelli

536 660 590 704 ab
615 665 740 704 unico
761 661 814 703 ad
834 668 943 712 tres,
976 661 1131 711 erecti,
1164 657 1460 710 sescuncialeS,
1493 656 1667 714 superne
1707 660 1893 698 omnium
1921 654 2157 700 brevissime
2190 671 2256 698 cu-

533 740 722 784 niculati.
785 723 959 797 Calfycis
986 738 1259 796 pentaphylli
1288 736 1444 780 foliola
1475 745 1605 781 ovata
1624 771 1635 790 ,
1681 735 1898 789 obtusula,
1939 751 2156 788 concava,
2188 739 2257 776 tri·
2308 732 2311 735 ’

535 820 697 873 striata,
731 820 786 862 ad
815 823 957 877 apices
983 817 1229 870 barbatula,
1271 816 1443 874 patula,
1485 816 1644 872 pallide
1677 819 1885 870 virentia,
1923 820 2003 859 tria
2032 817 2165 874 duplo
2199 816 2257 859 la-

534 903 646 943 tiora
673 897 839 941 duobus
868 898 1057 955 reliquis.
1115 895 1271 939 'Petala
1303 898 1491 954 quinque
1512 931 1525 950 ,
1568 895 1822 940 obtufiffima
1841 932 1854 950 ,
1897 896 2160 939 uniformiter
2195 911 2258 938 ru-

534 979 844 1037 bropurpurea,
875 977 998 1035 supra
1019 991 1177 1035 ungues
1197 976 1508 1034 patentissima,
1534 975 1695 1025 *summa
1720 975 1806 1017 duo
1829 975 2076 1031 amplissima
2106 974 2148 1016 ὅ(
2168 972 2257 1016 sub—

534 1060 739 1112 rotunda,
770 1059 936 1116 reliqua
957 1057 1158 1116 oblonga.
1215 1056 1461 1100 ‘Filamenta
1480 1056 1650 1108 decem,
1682 1055 1772 1097 fere
1807 1055 1867 1102 ad,
1893 1056 2160 1097 medietatem
2194 1070 2257 1097 us-

537 1156 620 1197 que
643 1143 686 1182 in
715 1155 841 1183 unum
875 1153 1030 1195 corpus
1059 1138 1239 1189 coalita,
1281 1135 1386 1177 foris
1418 1137 1516 1193 pilis
1549 1139 1743 1193 capitatis
1776 1136 2002 1178 denfiss'ime
2038 1135 2257 1187 villosum3

539 1234 721 1277 quorum
745 1218 905 1261 alterna
927 1220 1122 1274 quinque
1141 1213 1369 1267 =-su-bulata,
1401 1212 1523 1266 alba,
1568 1213 1611 1255 ἃ
1638 1227 1864 1269 parumper
1895 1214 2079 1267 capitate
2109 1213 2259 1256 villosa

535 1298 732 1341 antheras
757 1305 905 1356 gerunt
924 1297 1107 1340 hastatas
1129 1297 1171 1339 &
1197 1297 1346 1338 luteas.
1409 1292 1477 1335 Ex
1497 1296 1685 1350 quinque
1717 1290 1921 1334 steri-libus
1950 1294 2030 1333 tria
2058 1291 2259 1335 inferiora

537 1379 628 1421 sunt
646 1376 884 1422 breviffima
903 1394 918 1433 3
949 1379 1035 1421 duo
1055 1378 1271 1434 superiora
1295 1381 1435 1416 autem
1461 1381 1633 1430 aequant
1652 1373 1915 1431 longitudine
1937 1371 2117 1424 fertilia,
2150 1372 2256 1413 sunt-

540 1472 623 1513 que
656 1457 893 1514 fimpliciter
923 1456 1059 1514 pilosa
1090 1456 1133 1498 &
1166 1455 1219 1498 ad
1250 1444 1415 1512 apicem
1441 1468 1669 1511 purpurea.
1737 1448 1926 1494 Germen
1956 1450 2012 1495 est
2046 1450 2256 1494 hirsutum.

537 1536 703 1596 Stigma
724 1539 981 1580 coccineum.

1279 1690 1534 1737 DCXLVI.

602 1849 1071 1899 PELARGONIUM
1103 1848 1689 1896 CORONOPI-FOLIUM.

585 2063 589 2067 ,
719 2012 877 2056 Crescit
898 2011 951 2053 ad
971 2007 1320 2053 Promontorium
1340 2009 1468 2053 bonae
1484 2007 1602 2067 Spei.
1621 2062 1626 2066 ο
1663 2007 1794 2067 Apud
1816 2023 1892 2052 nos
1915 2011 2038 2052 floret
2065 2007 2191 2052 ‚Iunio
2215 2000 2267 2053 &-

543 2093 674 2138 Julto.
734 2090 875 2134 Radix
895 2089 1083 2141 ramosa,
1116 2090 1322 2132 calamum
1355 2089 1509 2142 crassa,
1550 2088 1688 2140 fusca,
1722 2087 1861 2146 longa.
1927 2086 2082 2129 Caules
2111 2092 2259 2144 pauci,

543 2171 892 2232 procumbentes,
924 2169 1222 2225 semipedales,
1262 2177 1440 2221 tereteS,
1488 2182 1718 2226 perennes,
1767 2168 1932 2210 calamo
1965 2167 2100 2223 duplo
2129 2170 2259 2225 graci-

543 2252 695 2304 liores,
727 2249 929 2292 foliorum
948 2249 1257 2304 praeteritorum
1280 2247 1438 2305 stipulis
1459 2245 1688 2288 imbricatis
1719 2243 2021 2302 persistentibus
2048 2245 2259 2303 fuscisque

545 2330 694 2376 vesti-ti.
756 2328 889 2371 Folia
908 2328 1368 2381 lanceolam-linearia,
1408 2333 1556 2377 acuta,
1599 2323 1818 2380 simplicia,
1860 2322 2033 2379 superne
2069 2323 2261 2365 dentato-

546 2412 722 2462 serrata,
753 2416 953 2450 caeterum
974 2411 1260 2467 integerrima,
1293 2407 1492 2458 craffula,
1525 2405 1676 2462 saepius
1701 2402 1982 2455 subcarinata,
2014 2401 2098 2444 bafi
2126 2406 2168 2444 in
2188 2417 2260 2458 pe-

547 2490 699 2533 tiolum
725 2489 962 2548 angustata,
987 2489 1102 2533 facie
1127 2487 1433 2548 glabriuscula,
1467 2483 1606 2528 subtus
1629 2483 1682 2525 ad
1705 2483 1859 2526 lentem
1889 2497 1971 2525 una
2004 2497 2095 2525 cum
2124 2485 2259 2539 petio—

2153 2561 2203 2603 lis
