2436 3246
579 308 660 361 146

573 425 824 468 daucoidem
845 436 1070 481 parumper
1102 421 1328 475 accedunt,
1367 419 1553 465 breviter
1580 418 1788 478 petiolata
1807 450 1820 471 ,
1861 416 2065 460 inferiora
2099 418 2282 474 alterna,

573 504 739 561 reliqua
761 503 987 560 opposita,
1033 501 1280 561 bipinnata,
1322 503 1517 558 utrinque
1548 503 1728 544 vitentia
1757 500 1802 542 &
1843 498 2148 558 glabriuscula,
2183 500 2286 542 duas

571 591 712 627 tresve
734 585 878 625 uncias
901 582 1040 640 longa.
1103 578 1297 623 Pinnulae
1320 579 1520 633 lineares,
1553 586 1712 630 acutae,
1745 578 1799 620 ad
1829 592 1926 620 oras
1949 593 2023 634 per
2052 577 2206 619 lentem
2228 580 2288 618 uti

572 665 620 706 ὅτ
640 662 764 705 costae
794 659 988 704 dentibus
1018 662 1293 703 minutissimis
1326 658 1607 716 cartilagineis
1647 656 1842 715 albisque
1873 657 2045 713 asperae.
2106 654 2288 712 Stipulae

572 749 718 786 ovatae
737 775 750 794 ,
790 749 959 794 acutae,
1001 739 1186 799 glabrae,
1234 741 1287 782 ad
1319 737 1750 798 marginemssiliatae.
1820 733 2058 778 Pedunculi
2087 734 2289 786 solitarii,

574 820 878 880 oppositifolii,
910 821 981 864 vel
1003 820 1227 870 axillareS,
1262 818 1421 875 semper
1452 819 1642 869 uniflori,
1673 816 1846 868 hirtuli,
1878 815 2163 857 sescunciales.
2225 813 2290 854 In-

572 901 739 945 volucri
756 899 912 942 foliola
936 900 1046 951 duo,
1080 898 1298 956 opposita,
1331 897 1488 955 stipulis
1513 897 1667 941 nmilia.
1728 896 1969 940 Pedicellus
1991 898 2043 938 ad
2064 900 2197 938 minus
2219 909 2291 938 un-

573 979 716 1032 cialis,
747 978 946 1031 hirtulus,
978 976 1060 1020 basi
1085 978 1128 1020 &
1152 977 1324 1034 superne
1345 991 1607 1034 purpureus,
1639 976 1727 1018 fere
1750 977 1804 1018 ad
1824 975 1936 1018 basin
1960 990 2094 1032 usque
2125 979 2289 1018 cunicu-

573 1057 699 1099 latus.
763 1052 937 1111 Calycis
963 1053 1235 1110 pentaphylli
1258 1053 1413 1095 foliola
1442 1054 1706 1108 lanceolata,
1738 1058 1994 1108 acuminata,
2026 1055 2205 1109 hirtula,
2238 1060 2292 1098 ci-

575 1137 709 1187 liata,
741 1133 903 1183 striata,
935 1130 1020 1173 basi
1046 1130 1402 1187 purpurascentia,
1434 1137 1645 1189 patentia,
1676 1133 1834 1174 summo
1857 1134 1989 1190 duplo
2011 1133 2166 1176 latiori.
2214 1131 2295 1175 Pe-

575 1216 667 1259 tala
686 1214 845 1271 semper
870 1218 1076 1268 quatuor,
1110 1208 1281 1263 obtusa,
1314 1210 1412 1253 alba
1442 1214 1513 1257 vel
1542 1227 1718 1265 carnea,
1749 1212 1925 1269 patula3
1966 1212 2179 1268 superiora
2209 1201 2294 1254 duo

575 1313 628 1340 ex
647 1294 733 1338 basi
752 1292 1001 1336 cuneiformi
1022 1291 1205 1348 expansa
1223 1294 1264 1333 in
1291 1291 1487 1334 laminam
1516 1293 1830 1350 amplissimam,
1863 1293 2010 1351 calyce
2042 1292 2130 1334 sere
2163 1293 2293 1350 duplo

574 1375 791 1433 longiora,
826 1375 869 1417 ὅτ
890 1373 1050 1417 inferne
1073 1371 1235 1416 duabus
1259 1373 1380 1414 lineis
1398 1372 1566 1415 ramosis
1585 1373 1817 1433 sanguineis
1837 1374 2029 1431 percursa
2049 1389 2065 1428 3
2096 1373 2297 1416 inferiora

579 1456 665 1497 duo
700 1453 933 1506 breviora,
974 1452 1248 1511 angustissima
1282 1452 1325 1494 &
1357 1452 1647 1495 cuneiformia.
1717 1452 1957 1495 Filamenta
1993 1453 2171 1505 decem,
2212 1450 2300 1493 basi

578 1535 760 1586 coalita,
793 1532 913 1586 alba,
947 1533 1102 1590 septem
1128 1532 1297 1574 fertilia.
1360 1529 1565 1575 Antherae
1589 1532 1813 1591 oblongae,
1845 1532 2054 1577 violaceae
2082 1547 2176 1574 cum
2204 1530 2297 1588 pol-

577 1615 662 1657 IIne
686 1614 822 1657 fulvo.
889 1611 1075 1656 Germen
1096 1612 1309 1655 hirsutum.
1372 1608 1535 1670 Stigma
1556 1612 1820 1669 quintuplex,
1850 1611 2032 1654 rubrum.
2094 1609 2296 1652 Linnaeus

577 1696 620 1735 in
648 1692 850 1735 Mantisl'a
879 1693 950 1736 sua
980 1708 1074 1750 pag.
1108 1702 1211 1748 433.
1246 1691 1370 1743 dicit,
1403 1690 1442 1732 se
1473 1693 1514 1731 in
1546 1690 1732 1746 quodam
1765 1690 1988 1746 specimine
2021 1687 2198 1732 Geranii
2227 1703 2296 1731 co-

579 1772 833 1815 riandrifolii
854 1773 1069 1815 adnotasse
1096 1770 1292 1813 antheras
1313 1770 1483 1827 septem.
1545 1768 1670 1810 Anne
1691 1768 1862 1811 forsitan
1882 1767 2088 1825 specimen
2113 1768 2217 1810 illud
2239 1768 2293 1809 ad

580 1850 713 1894 hocce
728 1847 1025 1910 Pelargonium
1046 1866 1184 1893 meum
1205 1848 1440 1908 pertinuit?
2233 1841 2239 1843 ’

760 2004 1000 2049 L'heritieri
1020 2021 1127 2064 opus
1148 2008 1199 2049 de
1229 2004 1428 2049 Geraniis
1450 2004 1531 2047 huc
1553 2019 1686 2061 usque
1709 2003 1853 2048 videre
1880 2016 1966 2045 non
2002 2005 2199 2060 contigit,
2230 2016 2298 2043 cu-

580 2089 645 2141 jus
665 2099 740 2127 nec
765 2086 983 2143 exemplar
1013 2086 1194 2129 Viennae
1226 2084 1389 2137 exstat3
1423 2098 1553 2142 quare
1582 2096 1667 2124 non
1701 2084 1824 2138 potui
1855 2082 1941 2134 ejus
1969 2080 2204 2138 synonyma
2230 2079 2300 2121 ad-

584 2168 750 2210 ducere.

1981 2559 2242 2606 DCLVIII.
